2878 4774
161 505 163 510 .
259 405 312 510 Sl
684 433 904 491 proccessu.
1236 396 1342 488 [css.

254 609 383 698 matois,
413 602 467 672 uhi
483 595 654 679 Πολιάνης
672 590 833 675 legendum
855 596 886 650 et
906 581 1168 669 Βαρδαριωτῶν,
1201 575 1274 641 coll.
1294 597 1346 639 eo·

185 721 189 732 “
267 705 627 795 sanctonicum„
659 697 714 764 ubi
733 694 795 762 alia
814 685 995 774 subscriptio
1016 685 1094 748 hene
1116 683 1162 748 sic
1181 704 1214 746 se
1235 679 1347 744 habeta

266 826 286 894 ὁ
314 814 484 897 notrum.
500 807 695 898 Γεράσιμος.
744 789 860 865 Eadem
884 786 1063 876 subscriptio
1089 785 1198 852 iterum
1218 785 1347 850 occurrit

266 954 298 1020 p.
312 926 385 994 ³38.
425 921 489 988 Sed
507 911 696 1000 autographo
716 901 891 988 inscriptum
911 909 996 962 erat:
1015 889 1199 974 Ἐπισκοπὴ
1222 893 1348 960 Oenoa-

266 1039 408 1114 λσνίκης,
430 1016 709 1106 Πωλεανὶνη.,7”)
807 1059 811 1068 ·
972 999 996 1075 .’

332 1135 477 1218 ‚Quando
506 1128 632 1196 Pelinna
660 1123 813 1188 destructa
842 1108 953 1192 luerit,
991 1119 1211 1174 nonconstat.
1262 1105 1350 1185 Quot

267 1245 351 1314 enim
365 1237 493 1307 Gnosius
511 1255 579 1300 eam
598 1239 760 1300 memorat,
787 1219 858 1286 inde
877 1239 937 1282 uon
960 1213 1172 1299 consequitur,
1194 1209 1349 1276 Polianann

270 1347 440 1420 aee.le
467 1339 657 1427 superstitem
682 1329 789 1396 luisse.
839 1320 966 1389 Polione
990 1341 1098 1390 nomen
1127 1315 1239 1384 veteris
1269 1313 1351 1379 urhis

269 1447 468 1545 episcopalis,
498 1458 532 1508 ut
558 1441 592 1506 in
619 1436 697 1504 aliis,
716 1427 809 1498 medii
834 1424 906 1490 aevi
931 1420 1147 1502 monumentis,
1178 1419 1352 1504 significans

269 1571 387 1650 potest..
420 1549 526 1632 Quid?
557 1543 638 1631 qnod
658 1539 710 1605 din
731 1547 802 1600 ante
822 1528 942 1612 (seculo
958 1531 1021 1608 Xl)
1041 1526 1097 1592 illa
1118 1524 1201 1608 regio
1221 1521 1352 1609 pessime

270 1663 376 1734 hahita
395 1670 442 1722 est
461 1677 480 1720 a
499 1644 681 1717 Narmannis
701 1635 860 1716 cruciatis,
883 1632 936 1717 qui
955 1656 1034 1698 anno
1052 1633 1134 1719 1097
1153 1654 1207 1716 per
1226 1649 1353 1714 regnum

272 1775 460 1836 Graecorum.
488 1748 776 1845 proficiscebantur,
809 1754 925 1806 terram
953 1740 1094 1802 Sanctam
1132 1749 1281 1822 petentes.
1328 1729 1355 1798 li

272 1893 370 1963 prope
398 1861 589 1940 (instoriam,
628 1868 659 1919 et
686 1845 808 1936 quiden
838 1867 878 1908 ex
909 1841 1024 1908 oriente
1052 1841 1130 1924 ejus
1149 1852 1180 1904 et
1198 1835 1355 1928 meridie,

273 1992 404 2046 castrum
430 1965 668 2040 haereticorum,
696 1956 730 2024 in
757 1948 923 2036 Pelagonia
949 1944 1038 2010 situm
1066 1949 1166 2026 (quae
1191 1964 1290 2026 usque
1317 1939 1356 2004 nt

273 2079 502 2152 Haliacmonem
528 2065 625 2156 patuit
652 2083 730 2127 aevo
755 2056 888 2136 medio),
916 2046 982 2136 igni
1001 2051 1143 2133 ferroque
1163 2061 1356 2124 everterunt,

191 2176 199 2188 ⁸
274 2190 314 2254 tle
339 2205 399 2271 quo
425 2189 545 2268 praeter
569 2169 632 2237 alia
657 2163 770 2251 scripta
800 2159 963 2252 rideantur
988 2158 1081 2219 Gesta
1101 2144 1357 2237 peregrinantium

274 2296 458 2358 Francorum
481 2301 549 2366 eap.
566 2273 599 2340 4.
641 2273 753 2352 (Gestat
771 2264 834 2330 oei
853 2284 908 2350 per
926 2263 1073 2326 Francos.
1093 2255 1154 2328 Ed.
1173 2254 1358 2335 Euagora).

275 2401 392 2463 Verum
420 2389 455 2453 in
477 2386 535 2450 hoc
561 2394 600 2446 at·
624 2377 656 2443 in
682 2372 744 2440 alia
763 2369 853 2454 hujus
880 2359 1102 2430 dissonationis
1121 2355 1220 2442 capita
1241 2357 1266 2421 ii
1288 2355 1359 2420 titi·

276 2495 397 2584 gentius
417 2487 588 2574 inquirent,
618 2479 672 2566 qui
698 2478 789 2541 istam
814 2469 995 2558 quandoque
1015 2465 1215 2532 Macedoniae
1243 2477 1359 2548 purten

269 2600 389 2670 ‚veteris
410 2609 440 2659 et
459 2590 576 2656 mediae
594 2578 804 2670 geographiae
821 2573 920 2660 gratia
938 2569 1076 2638 stibnos.

358 2694 605 2767 Bardariotarnm
635 2685 838 2773 episcopatum
873 2701 933 2743 non
969 2677 1058 2742 affert
1087 2672 1299 2759 Gausineryns
1329 2667 1361 2732 in

271 2806 387 2873 ¹itinere
407 2794 605 2867 Macedonico
624 2789 701 2858 vot.
718 2793 745 2855 l.
766 2807 798 2872 p.
815 2781 887 2866 48„
907 2783 989 2848 solos
1002 2780 1135 2868 potiores
1148 2775 1226 2864 'puto
1247 2795 1363 2838 merno-

273 2933 368 2992 rans,
389 2923 573 2974 nonomnes
593 2887 873 2962 Thessalonicensis
892 2883 1041 2972 praesulis
1061 2885 1286 2966 suffraganeos.

357 3015 394 3077 ln
414 3005 540 3074 historia
560 3001 715 3067 dioceseos
732 2990 1082 3072 Thessalonicensis⁷¹)
1102 2985 1288 3053 illustranda
1308 3003 1365 3047 ve·

279 3117 330 3184 nio
357 3117 396 3182 ad
420 3102 657 3193 initiumflseculi
681 3101 787 3178 xtlt„
813 3094 880 3160 sive
905 3117 1041 3160 aerum
1065 3089 1302 3158 Latinorum
1326 3083 1365 3150 itt

316 3400 362 3463 qn)
378 3357 489 3466 Pugnan
504 3385 650 3459 quendam
666 3374 800 3436 Pelinna
848 3367 1114 3433 assentantem
1171 3363 1366 3438 summulis,

279 3486 318 3544 nu
331 3479 465 3540 merlinus
478 3472 585 3533 Axinus
599 3465 727 3536 invenio,
746 3461 797 3534 qui
841 3477 920 3536 quoe
935 3459 968 3514 iss
984 3476 1077 3530 regno
1089 3454 1275 3512 Graecorum
1293 3467 1367 3525 pun·

281 3579 378 3630 tamen
395 3564 507 3624 alienus
525 3565 569 3614 est
589 3571 608 3610 a
623 3561 722 3612 nostra
740 3561 797 3608 tra·
845 3545 872 3602 si
892 3543 1057 3616 maedpun
1073 3552 1138 3612 post
1155 3537 1369 3596 Constantino·

281 3656 416 3714 statione.
717 3685 720 3698 .
840 3628 1009 3704 politanam
1029 3629 1125 3682 sedem
1142 3622 1287 3690 leniretur,
1312 3637 1368 3691 pn·

319 3742 367 3809 tt)
399 3720 673 3791 Thessalonicensis
704 3723 798 3778 eccle·
844 3712 934 3772 storia
950 3712 989 3767 sr‘t
1006 3711 1150 3782 retrimn'ne
1168 3706 1367 3762 constrato...

277 3829 344 3888 uss
366 3823 545 3883 momentum
570 3821 631 3868 see·
655 3811 730 3865 xttt.
752 3813 797 3860 te·
847 3800 1135 3868 (thelmeseon
1164 3794 1287 3863 [parnei
1314 3809 1368 3846 uu·

282 3919 374 3972 statur
412 3894 597 3962 lnnocentius
635 3896 683 3948 ΙΙΙ.
723 3905 798 3962 papa
846 3881 986 3949 decimo).
1012 3883 1090 3938 tdern
1109 3877 1179 3934 inte.
1197 3875 1287 3946 epist.
1305 3879 1368 3930 tat:

283 4003 431 4056 Romanus
460 3983 547 4056 epist.
572 3983 621 4049 lt,
650 3980 699 4032 tou
724 3977 797 4043 (ed.
851 3964 1116 4032 Thessalonicensi,
1146 3976 1293 4037 tnnpuntn
1320 3978 1367 4018 cs-
1427 4007 1428 4018 ,

286 4085 385 4138 Balun.
402 4073 466 4129 Vol.
482 4073 518 4124 11.
538 4085 569 4136 p.
587 4059 709 4130 hwile
726 4061 798 4120 Onus
846 4053 970 4123 lshritwi
987 4048 1165 4122 (ecclesiae).
1427 4035 1428 4060 ³
