2866 4770
73 353 211 446 xvim]
545 381 665 428 senn.
1080 365 1160 440 m

69 529 144 594 tatio
163 531 195 595 in
215 531 329 611 throp,
357 550 448 614 qna·
467 528 535 596 aliis
555 543 627 595 ente
644 553 692 595 ιο
710 533 861 619 placuisse
878 535 988 619 vilse,
1010 538 1160 604 suadente

69 639 184 702 ‘l'zetza
204 637 246 702 ed
266 633 422 732 Lycophr.
446 657 480 699 v.
501 631 614 710 Mil-t
648 637 815 725 Χάλαὸρα
837 647 887 724 δὲ,
909 642 1157 730 ἧΚάνοστρον

70 737 183 820 πόλις,
206 741 261 812 καί
281 739 406 826 λίμνη
427 737 659 823 Μακεδονίας,
680 737 738 834 ἀφ’
763 734 802 825 ἧς
822 743 882 828 τὴν
901 737 984 828 ὅλην
1000 750 1156 814 Μακεδο-

66 844 144 910 νίαν
164 843 269 920 δηλοῖ.

150 947 207 1016 Uhi
228 969 303 1012 vero
323 947 497 1032 quaerenda
517 949 666 1036 Stephani
692 949 843 1018 emendati
861 953 975 1038 paine?
1015 931 1156 1040 Respon-

68 1054 140 1120 deat
161 1052 257 1141 primo
278 1054 408 1136 Suidas,
430 1054 540 1120 deinde
560 1054 707 1120 Torcicos
727 1056 854 1143 scriptor
875 1056 1013 1124 Hadsnhi
1031 1058 1156 1124 Chalia.
1251 1061 1254 1066 ’

68 1163 203 1227 Graccus
231 1157 325 1244 igitur
351 1157 385 1232 in
411 1157 512 1230 lexico
539 1182 614 1226 suot
655 1165 895 1248 Χαλαοτροῑον
922 1169 1050 1247 νίτρον,
1087 1164 1155 1232 ἀπὸ

71 1269 107 1332 X
115 1261 344 1352 αλιίστρης,
367 1272 426 1352 τῆς
441 1269 476 1333 ίν
492 1271 687 1360 Μακεδονίᾳ
705 1271 862 1354 λίμνης.
894 1268 1033 1346 Hadrchi
1045 1269 1156 1346 Chalia

66 1373 201 1452 (Romei.
223 1384 254 1436 et
272 1375 369 1444 Bosn,
391 1395 422 1458 p.
439 1372 531 1454 81.):
565 1375 638 1440 Der
657 1377 718 1441 See
737 1371 948 1455 ddidsohr'irr,
975 1375 1044 1442 eine
1062 1376 1154 1456 Tog-

64 1480 146 1546 rer'se
172 1477 394 1548 nordwestlt'oh
420 1501 481 1542 oon
507 1480 661 1560 Salonik3
689 1481 874 1564 3Mipliert
900 1481 943 1544 im
976 1479 1153 1563 Untfnnge.

65 1583 140 1646 Dos
164 1581 211 1646 W
207 1605 294 1646 aseer
319 1581 360 1649 iot
387 1581 502 1663 bitror,
535 1585 604 1652 ond
629 1611 661 1651 ee
686 1589 775 1652 leben
800 1586 891 1650 keine
911 1584 1024 1651 Fiacde
1049 1581 1153 1646 dorin.

65 1685 119 1748 Im
139 1687 279 1753 Sornmer
296 1699 379 1750 rerzt
398 1686 466 1752 sich
484 1689 568 1754 mod
585 1691 704 1770 dmum,
725 1685 794 1775 auf
807 1691 896 1756 einen
915 1688 1028 1756 halben
1043 1685 1155 1772 Psoi!-

63 1790 172 1870 ,chore
190 1791 283 1870 meir,
304 1791 426 1862 weissen
444 1792 523 1857 Snlz
543 1817 606 1877 nn,
627 1797 732 1861 coemit
752 1797 805 1860 die
827 1795 1001 1862 Bewohner
1021 1791 1156 1856 Handel

64 1894 203 1971 treiben,
233 1895 302 1964 rond
329 1893 388 1962 dns
403 1894 549 1980 ιίίὶίνίίοίν
575 1922 643 1964 nom
663 1900 838 1970 Aerarium
857 1898 1039 1984 nrrpnclrtet
1059 1895 1151 1960 wird.

62 1999 159 2062 Nolae
186 1998 256 2068 dem
276 2000 336 2064 See
362 1999 442 2082 tiegr
472 2001 530 2066 dnn
550 2001 649 2088 Dorf
660 2004 804 2082 Archile,
834 2003 942 2072 decrero
962 2001 1154 2070 Eimoohner

66 2101 211 2168 coristen
238 2103 306 2169 tend
330 2105 506 2170 Moriomen
532 2107 615 2173 sind.
657 2110 775 2174 Tacent
800 2106 839 2172 de
866 2105 915 2170 his
942 2102 1080 2169 omnibus
1102 2125 1151 2166 re·

63 2207 214 2271 contiones
248 2207 448 2272 Macedoniae
484 2225 720 2297 perscrutatores
758 2223 789 2275 et
819 2209 952 2273 viatores
978 2205 1152 2284 christiani,

62 2335 130 2374 cnm
151 2310 282 2396 ipsorum
303 2311 416 2376 tabulis
437 2313 660 2400 geographicis.
704 2321 788 2380 nuce
809 2302 903 2396 igitur
923 2311 1052 2376 Turcico
1076 2309 1151 2375 scri·

60 2432 150 2503 prore
177 2415 227 2480 hic
253 2418 337 2482 lacus
363 2417 442 2482 inter
463 2417 653 2489 Echedorum
675 2421 848 2504 Axinmqne
877 2416 1066 2502 quaerendus
1087 2427 1150 2492 est,

60 2550 122 2591 non
143 2524 222 2590 inter
241 2524 352 2588 Axium
374 2523 579 2611 Ludiamqne,
617 2525 669 2590 vel
689 2526 766 2592 adeo
786 2524 866 2588 inter
886 2520 1014 2587 Ludiam
1035 2535 1066 2585 et
1084 2525 1149 2584 Ha·

58 2631 251 2695 liacmonem.
293 2632 361 2715 Ego
380 2629 509 2701 lectores
528 2631 568 2697 ad
583 2628 734 2698 Echedori
753 2629 826 2696 litus
844 2628 983 2700 dextrum
1002 2625 1149 2691 medium·

58 2759 121 2822 qne
143 2733 266 2818 abiego.

143 2843 285 2906 Ceterum
305 2842 401 2912 sciron
421 2839 634 2905 Macedoniae
651 2843 741 2906 lamro
761 2835 965 2910 Cantacuzeni
984 2839 1016 2919 3,
1033 2837 1086 2904 54.
1109 2837 1147 2902 ab

57 2949 120 3012 hcc
149 2945 347 3012 cirniastraeo
376 2946 444 3010 lacu
471 2943 585 3014 Snidae
612 2967 735 3031 prorsus
765 2944 930 3030 distinguo.
976 2947 1076 3010 Fuere
1100 2943 1148 3009 iiii

58 3058 149 3120 lacus
172 3057 220 3127 (οἱ
240 3050 379 3143 ἁλμνροί
403 3047 725 3138 προσαγορευόμενοι
748 3048 881 3126 λάκκοι)
902 3073 995 3138 prope
1016 3048 1147 3134 Amphi·

56 3163 144 3250 polin
164 3159 196 3224 in
218 3159 326 3224 dextra
344 3157 514 3247 Strymonis
535 3179 606 3239 ora,
628 3179 722 3242 prope
739 3157 778 3225 ad
795 3179 890 3224 mare.
933 3154 1016 3218 Vide
1034 3156 1147 3219 Canta·

57 3267 167 3336 cuzeni
188 3278 359 3330 contextum
381 3264 404 3335 1.
426 3284 453 3327 c.
481 3264 572 3348 ‚cunr
591 3260 640 3332 his
662 3259 794 3340 λάκκοις
814 3261 871 3326 cir.
891 3260 1014 3324 Paulum
1033 3260 1145 3321 Lucam

56 3375 90 3440 in
112 3376 260 3458 Voyngc.
298 3370 357 3435 Ed.
372 3374 416 3436 11.
438 3391 468 3436 a.
491 3368 582 3436 1724.
603 3393 634 3457 p.
656 3371 730 3452 oh,
758 3369 811 3454 qni
831 3367 876 3437 ni
895 3366 993 3430 lacum
1013 3361 1146 3442 invenit,

57 3503 148 3566 quent
171 3476 244 3542 facit
261 3499 354 3542 mare.
394 3476 482 3540 Adde
494 3475 627 3540 Felicem
644 3475 753 3560 Beauj.
770 3474 802 3538 in
820 3477 908 3559 Voy.
925 3467 1011 3533 milit.
1027 3467 1104 3531 vot.
1119 3467 1144 3528 1.

56 3610 89 3669 p.
110 3580 186 3648 224.
227 3585 296 3646 Hoc
321 3594 398 3646 terte
425 3580 469 3650 ibi
489 3593 559 3644 sunt
579 3581 715 3663 salinae,
747 3578 838 3644 totins
857 3571 1059 3641 Macedoniae
1079 3567 1146 3633 usui

53 3687 271 3756 inservientes.

61 3785 64 3794 ’
138 3795 268 3856 Terram
286 3789 589 3856 Thessalonicensem
610 3788 708 3852 medio
729 3810 806 3853 aevo
827 3808 845 3852 a
865 3797 950 3870 parte
969 3779 1096 3860 boreali,
1118 3803 1145 3846 s.

55 3895 252 3986 Mygdoniae
272 3894 436 3982 superioris
459 3893 668 3966 (occidentalis
688 3908 717 3956 et
738 3892 905 3972 borealis),
936 3887 1075 3952 toehetttr
1095 3910 1146 3950 ra-
1214 3915 1216 3922 ⁴

57 4004 195 4084 steiium,
217 4001 337 4068 nominc
355 4001 647 4089 Gprmecocnrtrnm.
690 3999 766 4084 Ejus
783 3996 941 4067 historiam
957 3993 1048 4063 tradit
1064 3995 1145 4059 Carr-
