2834 4772
253 399 331 478 ³¹12
484 441 488 450 ·
680 423 900 480 ιτειισοιιτ.
1050 443 1054 452 ,
1142 441 1147 454 ·
1227 399 1346 500 [σιτ.

265 577 337 646 κε’τι
359 572 477 668 πεινήν
495 567 515 656 ἢ
536 571 639 666 διφήν
658 573 718 640 τοῦ
737 573 880 660 ἀκοῦσαι
899 569 1002 660 λόγον
1023 570 1171 662 τεχνικόν
1182 573 1265 660 ’ξεῖν’
1291 581 1366 650 ἐπι-

211 719 214 726 ·
263 679 473 770 στημονικόν.
497 679 551 748 Ἕν
561 683 682 768 βραχεῖ
695 677 761 770 γάρ
774 682 898 770 χρόνῳ,
916 667 973 750 καί
989 677 1069 750 όσον
1084 684 1261 768 ἐγκυκλίου
1277 713 1366 776 προ·

263 795 411 869 παιδείας
424 784 632 877 γεύσασθαι,
654 785 674 876 ἢ
691 795 893 881 σοφιστικοῖς
907 791 1119 877 παλαίσμασι
1135 794 1366 880 προσγυμνά-

264 904 408 980 σασθαι,
428 894 449 980 ἢ
467 895 650 986 προθάρων
666 900 819 985 ἐπιβῆναι
836 902 1044 990 φιλοσοφίας,
1065 899 1158 977 εἴτις
1176 905 1364 993 πεφοίτηκε

143 1015 146 1019 ’
200 997 203 1002 ’
264 1002 348 1096 παρ’
369 1015 507 1088 ἐκεῖνον,
530 1003 632 1084 εὐθὺς
651 1002 668 1072 ὁ
690 1004 782 1092 παρὰ
803 1008 851 1092 τῷ
870 1007 1074 1101 Σταγειρίτη
1094 1013 1363 1095 πεπαιδευμένος

265 1114 390 1204 ῶρᾶτο,
412 1118 468 1181 καὶ
487 1109 505 1181 ὁ
523 1112 615 1202 παρά
634 1121 698 1180 τῶν
717 1107 866 1194 Μουσῶν
883 1117 1102 1201 ίμανευσθιίς
1122 1111 1185 1198 τήν
1208 1119 1362 1201 ποίησιν.

215 1282 217 1288 .
267 1219 314 1292 Εἰ
328 1219 395 1309 γάρ
419 1217 473 1288 ὑπ’
494 1216 664 1308 ἀγροικίας
682 1223 792 1306 βαθεῖ
804 1220 894 1309 κάρῳ
914 1219 1091 1304 καθεύδοι,
1112 1223 1183 1292 ἀλλ’
1207 1225 1288 1312 ἅμα
1307 1257 1362 1316 μι-

267 1327 396 1418 κρᾰττα
413 1333 595 1416 ἐφυμίζετο
618 1330 695 1417 παρ’
721 1333 858 1411 ἐκείνου,
886 1335 942 1400 καὶ
965 1333 1170 1420 παραχρήμα
1196 1335 1362 1416 διῶπνίζι-

268 1464 323 1522 το,
345 1445 506 1523 μουσικοῦ
521 1462 609 1516 τινος
626 1423 767 1526 κάτοχος
783 1437 976 1525 ἄσθματος.
1019 1439 1117 1526 Πλήν
1134 1434 1197 1506 οὐκ
1215 1445 1362 1530 ἔμπικρα

266 1531 325 1632 ἦν,
352 1545 395 1625 ῶς
421 1545 464 1615 τά
491 1544 622 1640 δάφνης
645 1551 789 1630 πέταλα,
817 1554 860 1614 τά
886 1545 1101 1633 φημιζόμενοι
1123 1543 1207 1634 παρ’
1239 1553 1360 1620 ἐκείνου

192 1708 204 1733 χ
267 1655 325 1736 τής
348 1655 412 1721 τῶν
439 1657 553 1746 σοφῶν
578 1659 800 1747 ἐπιφυλλίδας,
834 1659 890 1724 καὶ
912 1663 970 1724 νῦν
993 1657 1082 1741 οἴμοι
1114 1664 1359 1742 τετρυγημνης

266 1758 425 1832 θανάτου
440 1766 540 1858 τομή,
562 1761 762 1851 γλυκάζοντα
780 1767 967 1852 δὲμᾶλλον,
989 1759 1032 1842 ῶς
1049 1762 1070 1846 ή
1088 1763 1239 1854 κεφαλής
1264 1761 1285 1852 vj
1304 1769 1357 1850 βι-

268 1873 422 1958 βρωμένη
450 1874 496 1957 τῷ
520 1867 664 1956 Ἱεζεκιήλ
691 1874 898 1966 προφητικῶς
923 1867 1160 1960 ὀνειρώττοντι.
1205 1877 1356 1952 Μέλιτος

266 1977 332 2065 γάρ
353 1969 536 2061 άπίσταζον
558 1985 594 2048 αἱ
614 1983 678 2049 τῶν
703 1977 837 2067 ὁμιλιῶν
853 1978 1049 2050 Εὐσταθίον
1064 1979 1221 2078 χάριτες,
1252 1982 1298 2060 ῶς
1318 1979 1357 2048 ά-

266 2091 387 2172 τεγνῶς
404 2085 594 2176 ἀπορρῶγες
614 2095 699 2168 τινὲς
718 2093 890 2177 νέκταρος·
918 2087 1004 2156 ὅθεν
1020 2094 1075 2156 καί
1093 2085 1138 2166 είς
1161 2085 1273 2177 ἄκρον
1291 2109 1356 2182 φα-

265 2199 329 2283 χῆς
351 2195 470 2274 μυελόν
493 2202 561 2274 τοῖς
587 2192 768 2287 ἀκροαταῖς
793 2192 983 2283 είσδυόμενα
1011 2195 1054 2264 τά
1080 2191 1276 2282 διδάγματα
1302 2199 1355 2264 καὶ

254 2298 424 2386 ·άντικρνς
438 2305 632 2392 ε’γιιαομόνα,
655 2308 862 2393 διετηροῶντο
873 2303 1059 2372 οίνέκπλυτα
1075 2301 1189 2388 λήθης
1203 2301 1353 2395 ῥεύματι.

274 2407 321 2478 Τὸ
345 2410 414 2496 γάρ
433 2409 535 2505 ήδονῇ
565 2420 673 2505 ψυχῆς
699 2406 937 2496 ἕντοποὺμενον
965 2410 1117 2498 μάθημα
1144 2437 1353 2500 μνημονικιι-

266 2519 348 2610 τίρῳ
366 2521 469 2611 δέλτῳ
489 2519 608 2607 φρενός
626 2519 872 2605 ἐγκολάπτιται,
895 2515 939 2596 ῶς
956 2521 1089 2586 θάττον
1106 2515 1150 2586 δν
1170 2519 1354 2586 ὑπιδέσθαι

267 2629 322 2693 καί
348 2630 420 2714 περὶ
443 2626 577 2711 τούτου,
606 2627 624 2696 ὃ
651 2633 706 2696 καὶ
728 2632 802 2712 περὶ
824 2632 986 2718 σοφιστοῦ
1014 2625 1104 2706 τινός
1128 2625 1234 2694 πάλαι
1257 2623 1352 2712 λόγος

267 2733 402 2821 διίῤῥει,
430 2729 473 2812 ῶς
494 2732 563 2822 άρα
586 2740 793 2814 Χαλδαϊκαῑς
813 2740 878 2803 τισί
896 2739 1114 2821 μαγγανείαις
1138 2730 1218 2812 τοὺς
1239 2730 1353 2822 &pubp-

268 2837 330 2917 τάς
355 2838 527 2927 ἐργάζοιτο
554 2843 735 2930 μνήμονας.
788 2839 933 2935 Τοιοότῳ
961 2837 1128 2934 φαρμάκῳ
1155 2839 1195 2911 τό
1221 2847 1354 2928 μνῆμον

269 2942 314 3027 εἰς
339 2947 455 3034 βάθος
479 2960 547 3032 τοῖς
570 2958 747 3038 μαθηταῖς
768 2946 995 3040 ἕνεχάραττες,
1020 2941 1045 3016 ὦ
1075 2949 1235 3037 Χαρίτων
1266 2946 1355 3018 άπα·

268 3060 335 3123 σῶν
352 3052 541 3147 ἀνάκτορον
558 3060 616 3145 σίν,
637 3065 690 3130 καί
706 3056 839 3145 Ἱιίγγων
853 3063 908 3128 καί
925 3055 1097 3144 Σειρήνων
1113 3053 1354 3144 ίπαγαγότερι,

269 3166 324 3231 καί
343 3166 472 3234 πείθειν
495 3166 536 3236 τά
553 3177 647 3258 μέχρι
665 3171 729 3238 σοῦ
746 3164 977 3251 μυθευόμενα,
1003 3161 1049 3244 ῶς
1065 3161 1184 3252 άληθή
1207 3166 1268 3232 τοῦ
1288 3167 1355 3234 λοι-

269 3273 336 3340 ποῦ
363 3273 598 3348 πιστεύεσθαι·
640 3275 747 3365 ῶσπερ
774 3279 830 3344 καὶ
853 3273 893 3343 τό
916 3276 1114 3361 πολυμαθίς
1143 3277 1202 3342 καί
1224 3277 1354 3342 nomn

269 3379 452 3467 ἐπιστῆμον
473 3385 682 3462 ίναπετίθεις
703 3387 817 3475 σφίσιν
838 3383 875 3462 ἐν,
887 3380 995 3474 χρόνῳ
1016 3383 1136 3466 βραχεῖ
1152 3378 1211 3447 διὰ
1231 3381 1298 3448 τῶν
1313 3381 1355 3460 εἰς

268 3486 426 3556 ίκόστοτι
446 3491 582 3578 ὁμιλιῶν
598 3516 659 3560 σου
677 3499 742 3558 τῶν
759 3487 1045 3577 άποβαπτομίνων
1065 3483 1110 3564 είς
1128 3489 1244 3556 πᾶσαν
1266 3492 1356 3574 λογι-
1413 3525 1414 3528 ¹

267 3592 330 3682 κήν
347 3601 508 3681 μέθοδον.
551 3599 598 3667 Οὐ
617 3599 685 3687 γάρ
701 3601 760 3688 τῆς
776 3602 811 3666 ἐν
824 3609 932 3688 χεροῖν
944 3597 1061 3682 βίβλου
1077 3589 1183 3680 μόνης
1201 3591 1263 3662 τόν
1280 3599 1336 3664 νοί
1338 3619 1357 3662 ν

268 3700 467 3782 α’νίπτνσσες
493 3707 528 3772 ἐν
549 3717 621 3786 ταῖς
647 3703 805 3796 ὁσημέραι
827 3699 1130 3790 συναναγνώσεσιν,
1152 3702 1217 3768 εἴτε
1236 3701 1282 3768 τά
1302 3703 1358 3788 τῆς

221 3845 226 3854 ·
268 3815 456 3899 ἑρμηνείας,
478 3809 509 3880 εί
521 3813 585 3882 ὑπό
605 3841 637 3882 τι
652 3819 855 3902 μελαίνοιτο,
878 3814 1101 3888 διελεόκαινες·
1137 3803 1223 3877 ἀλλά
1246 3835 1285 3895 γε
1304 3815 1358 3876 καί

267 3919 332 3986 τῶν
353 3915 459 3988 ἄλλων
479 3923 584 3992 πολλὰ
608 3923 793 4016 ξυνεφόρεις
812 3917 1040 4012 παραμιγνδι,
1061 3913 1121 3987 οὐκ
1143 3913 1277 4004 ἐξῶροις
1293 3945 1361 3986 πα-

270 4014 456 4116 ραδρομαῑς
482 4031 544 4100 τῶν
568 4039 787 4123 προκειμένοιν
813 4027 1085 4125 φιλοτιμούμενος
1092 4073 1105 4114 ,
1132 4025 1229 4116 παρὰ
1248 4029 1284 4096 δὲ
1304 4027 1360 4110 τίς
