2854 4770
63 369 124 464 επ]
196 453 200 466 ,
257 391 517 448 ausu-mnus
541 386 943 445 πατεεεεοαιοαυεεε.
1063 363 1139 446 371
1215 371 1224 388 ”

62 569 119 629 το,
151 543 306 635 παρόσον
323 550 379 615 καί
405 535 629 641 διαφερόντως
647 549 712 611 τῶν
741 537 935 626 ἀλλωντῆς
961 545 1141 638 συμφορᾶς
1188 615 1190 620 .

61 655 201 741 ᾔσθετο,
223 649 278 724 ola
297 653 573 749 κατολοφύρεται,
599 655 654 722 καλ
674 646 752 739 μεθ’
779 644 869 720 ὅσων
892 654 958 718 καλ·
971 648 1050 721 οἵων
1072 656 1143 725 τῶν

62 758 206 854 δακρύων
224 762 437 857 ἀνακαλεῖται
456 760 515 832 τόν
532 758 655 849 ὡραῖον
670 759 831 851 νυμφίον·
872 756 932 828 τόν
945 759 1047 830 καλόν
1064 787 1140 831 ποι·

60 877 154 959 μένοι·
199 869 259 941 τόν
283 871 498 959 καθηγητήν·
538 869 598 938 τὸν
626 866 752 959 σοφόν·
798 863 858 934 τόν
886 871 1035 956 σωτῆρα·
1076 856 1139 941 τόν
1199 907 1204 918 ·

61 985 244 1068 πολιοῦχον·
284 978 346 1049 τὸν
365 979 532 1069 πρόβολον
552 980 608 1046 καί
630 982 740 1056 κίονα,
769 971 857 1042 κατά
878 980 1067 1066 Πίνδαρον,
1097 973 1140 1047 ἀ-

61 1089 199 1176 οτραβῆ’
229 1091 286 1156 καλ
308 1090 383 1156 εἴτι
401 1086 482 1157 ἀλλο
500 1085 660 1175 έράσμιον
677 1087 732 1150 καί
750 1080 910 1173 σωτήριον
924 1086 1064 1174 πρᾶγμα
1079 1091 1138 1156 καλ

30 1221 34 1229 ·
60 1194 171 1284 ὄνομα.
215 1194 308 1266 (λύτω
331 1201 364 1267 δὲ
384 1195 452 1287 ἀρα
472 1202 604 1279 πενθεῖ,
626 1199 681 1264 καλ
700 1192 782 1283 πρὸς
802 1194 862 1262 τού
880 1196 1033 1292 πένθους
1047 1190 1138 1264 ἀπά·

59 1329 161 1392 γεται,
189 1299 235 1384 ἀς
258 1300 356 1374 ἀντί
379 1302 548 1393 κατάκρας
577 1301 677 1386 έάλω,
709 1308 763 1371 καλ
787 1303 886 1370 τοῦτο
909 1299 1059 1390 δεύτερον
1083 1304 1139 1371 ἐκ·

59 1411 283 1500 πεπόρθηται·
317 1405 341 1498 εἲ
364 1417 420 1481 καὶ
441 1411 653 1502 σχετλιώτερα
676 1407 813 1499 πάσχειν
832 1412 948 1479 οἴεται.
989 1407 1136 1500 Πρῶτον

60 1527 115 1607 μέν
139 1518 223 1609 γάρ,
254 1518 387 1587 Ἰταλῶν
416 1528 450 1589 λιι
479 1528 539 1609 γῆς
567 1526 623 1589 καλ
648 1519 827 1604 θαλάττης
853 1515 1137 1607 ἐπικωμασάντων

59 1623 136 1724 αύτῇ
159 1633 215 1697 καλ
237 1629 310 1698 εἴσω
329 1629 395 1696 τῶν
415 1628 596 1719 περιβόλων
617 1627 864 1719 εἰσκεχυμένων,
895 1627 1008 1715 περιῆν
1027 1623 1137 1706 ἀλλως

58 1759 117 1802 των
144 1735 327 1822 πολεμίων,
355 1741 410 1804 καί
437 1743 669 1842 καθυπερτέρα
696 1746 753 1821 τῆς
777 1729 963 1814 ἀλύσεως“’
948 1759 1065 1804 ιστατσ
1087 1731 1136 1828 τῷ

59 1844 260 1934 φρονήματι,
285 1844 346 1914 τού
371 1827 545 1936 πολιούχου
572 1843 695 1931 ταύτης
715 1851 834 1917 ἐκείνου
860 1841 1042 1934 περιόντος,
1077 1843 1135 1910 καλ

56 1949 247 2036 πλείστην”
227 1975 308 2036 οσην
328 1956 383 2020 καί
404 1957 684 2040 δυσαντίβλεπτον
706 1961 775 2036 τοῖς
795 1957 1028 2043 πολιορκηταῖς
1048 1977 1135 2083 προ-

58 2063 257 2146 βαλλομένου
286 2058 348 2146 τήν
375 2060 411 2127 ἐκ
435 2059 492 2143 τῆς
517 2059 636 2151 ἀρετῆς
659 2059 757 2144 αἰδῶ,
787 2067 842 2132 καὶ
862 2057 967 2149 μόνον
987 2055 1084 2148 οὐχ
1067 2057 1132 2129 υπὸ

57 2165 154 2247 πόδας
171 2166 233 2236 τόν
249 2167 417 2258 ἀγέρωχον
434 2165 578 2256 στρατόν
598 2168 823 2259 ῥιπτάζουτος.
837 2178 871 2253 *)
912 2169 987 2237 Νῦν
1008 2172 1043 2235 δὲ
1063 2181 1140 2236 τοιι.

57 2279 125 2344 σύδε
142 2273 311 2367 προβόλου
327 2279 567 2363 γεγυμνωμένα,
587 2283 835 2365 καταβέβληται
853 2277 894 2374 τῇ
907 2271 1021 2372 γνώμῃ
1039 2273 1136 2368 παρόν
1150 2293 1153 2300 ’

56 2384 112 2451 τού
134 2383 287 2467 πόθους,
316 2382 359 2464 ὡς
380 2386 440 2457 νύν
465 2381 565 2467 ὄντας
588 2388 915 2481 ἐκπεπολιορκημίνη,
943 2389 1001 2454 καὶ
1021 2379 1133 2454 πόντοι

56 2495 304 2580 περικεκαρμένη
327 2487 502 2581 κρήδεμνα.

130 2593 164 2667 ⁵.
197 2599 238 2666 Τι’
253 2596 283 2666 δ’
299 2594 320 2680 ἡ
336 2596 463 2667 πόλεων
477 2603 624 2687 βασιλίςς
645 2599 799 2691 Πότερον
813 2598 1018 2696 κουφότερον
1034 2599 1132 2670 ύποί·

55 2725 100 2772 σα
117 2706 177 2790 τὴν
195 2704 311 2796 κοινήν
330 2711 551 2795 δυσπραγίαν,
571 2708 593 2798 ἢ
614 2716 724 2800 πολλῷ
744 2717 1008 2801 ἐπαχθέστερον,
1030 2707 1079 2790 οἷς
1099 2711 1133 2776 ε’-

56 2810 295 2905 λευθεριώτατα
321 2819 375 2882 καί
398 2815 558 2886 κάλλιστα
583 2816 665 2944 παρ’
698 2821 781 2924 αὐτῇ
808 2826 1053 2909 τεθραμμένος,
1089 2812 1134 2897 ὡς

55 2926 86 2987 ἐν
110 2917 266 2992 ἀποδόσει
291 2930 449 3016 τροφείων
472 2924 583 3005 πόσας
596 2925 747 3015 χάριτας
778 2931 959 3021 φιλοτίμως
981 2926 1137 3010 ίξὲτισιυ

41 3025 112 3118 ὀὐχ
136 3025 226 3109 ὅπως
248 3025 370 3116 κόσμος
397 3029 487 3114 ἀξιος
512 3033 595 3129 αὐτῇ
619 3039 674 3103 καὶ
696 3033 932 3124 λαμπρότατον
958 3031 1138 3158 γινόμενος·
1175 3117 1177 3122 ,

56 3123 174 3216 ὄνομα,
197 3130 287 3199 ἀλλά
309 3137 379 3214 καί,
407 3126 448 3199 ἀν
468 3106 582 3221 λδραῖτύ
603 3135 715 3220 πολλῷ
737 3137 926 3216 συνελέξατο
947 3159 1017 3218 παρ
1048 3125 1133 3226 ἀύτιγ

56 3233 195 3300 πλοῦτον
209 3235 349 3325 σοφίας,
368 3228 488 3301 τούτου
505 3231 697 3318 μεταδιδούς
716 3233 884 3326 ἀφθόνως
901 3241 971 3312 τοῖς
992 3205 1134 3325 φιλοπό-

53 3355 138 3412 νοις,
158 3332 271 3401 κοινόν
288 3336 483 3421 πρυτανεῖον
497 3330 614 3418 λόγου,
635 3339 691 3403 καί
683 3336 832 3428 σοφίας
851 3332 1045 3422 πανδεχὴς
1029 3331 1136 3413 mia,

57 3436 107 3498 καί
131 3429 230 3512 ἀλλος
247 3427 380 3502 Ελικών
403 3435 631 3557 πρρκιίμενοςς
669 3438 787 3522 Κῆπυς
811 3434 877 3525 γάρ
901 3427 942 3519 ἦν
965 3431 1136 3510 ἄκλυστος

53 3539 188 3623 σοφίας,
212 3541 268 3604 καί
289 3531 453 3623 πλήρης’
433 3533 555 3622 αγρὸς,
585 3531 624 3604 ὃν
635 3533 795 3658 ἐύλόγησι
815 3534 946 3627 κύριος,
968 3539 1025 3603 καὶ
1043 3530 1138 3619 πηγὴ

53 3629 198 3717 λόγων’
178 3632 422 3756 ασφρόγιστος.
458 3638 533 3722 Καὶ
559 3639 670 3723 παρῆν
692 3641 762 3717 τοῖς
785 3621 997 3725 μαθητειῶσι
1020 3637 1135 3722 δρέπε·

14 3785 17 3798 ,
52 3738 138 3802 σθαι
157 3741 297 3824 προῖκα,
318 3741 374 3804 καί
393 3733 579 3825 ἀρύεσθαι,
600 3741 657 3806 καλ
670 3742 978 3834 κατεμφορεῐσθαι,
997 3740 1054 3804 καλ
1068 3760 1134 3825 μη

87 3920 117 3988 *ν
136 3926 182 3978 De
201 3924 255 3980 hac
272 3923 413 3979 Eustathii
430 3923 488 3978 fide
508 3922 569 3979 εειίε
619 3920 812 3979 Νοεοεουοίεα
836 3923 1000 3980 narratione
1023 3940 1054 3996 p.
1071 3922 1136 3995 27⁰,

49 4006 189 4073 praestita
213 4027 242 4065 v.
269 4024 384 4080 quoque
409 4012 509 4080 Ιρεαυε
537 4007 569 4064 in
618 4013 654 4085 νυ
671 4024 736 4080 προ.
756 4024 787 4079 p.
800 4010 863 4077 299,
881 4011 917 4064 60
933 4025 998 4080 sqq.

845 4098 888 4169 24
901 4096 924 4139 τε
954 4123 965 4137 ,
