2834 4772
81 371 195 463 11.].
284 347 541 444 zusmmus
566 389 998 454 τιιιιεειιιοιιιοιιιιειε.ι
1089 369 1165 440 ‹ssl
1275 363 1280 382 ¹

83 549 137 626 τίς
154 539 227 634 γάρ
248 538 308 612 οὐκ
336 539 380 611 δν
404 539 460 616 διὰ
487 543 563 628 βίον
582 535 845 612 ἀνακυκλεΐσθαι
864 538 908 612 τά
926 547 1067 615 τοιαῦτα
1085 540 1167 631 βοί-

82 659 197 740 λοιτος

101 835 106 840 ,
170 765 202 828 7.
243 756 492 848 Ἀναβοήσομαι
520 761 630 828 τοίνυν
657 753 699 826 τά
727 784 762 828 τε
791 757 878 828 ἀλλα
902 761 965 830 τόν
990 762 1168 848 βασιλικῶν

83 868 290 958 Εὐρωπαίων
324 862 587 956 ἀριστευμάτων,
623 858 689 934 όσα
716 866 751 947 ἐξ
774 847 972 957 Ιἀμετρήτοιν
997 866 1169 955 ἀποτεμὼν

84 977 106 1048 ὁ
133 975 251 1064 καιρός
273 981 329 1044 καί
354 970 427 1044 οἷον
449 971 680 1063 ὑπαγορεύσας
703 966 800 1042 δύσει
823 1000 880 1061 μοι
903 975 1165 1069 ἀφηγήσασθαι·

82 1089 143 1154 ναί
164 1086 304 1172 μήνκαὶ
325 1082 367 1154 τοί
389 1085 453 1156 τῶν
475 1088 666 1168 Δαλματῶν,
689 1075 743 1151 ὅτι
763 1084 821 1166 τῆς
842 1084 1049 1166 παλαιτάτης
1069 1083 1168 1154 αὐτο·

82 1189 192 1280 νόμον
218 1199 274 1265 καί
299 1187 392 1262 αὐτοί
420 1189 636 1280 θρασύτητος
662 1189 897 1279 ἐκλαθόμενοι,
926 1190 984 1261 τόν
1011 1195 1170 1279 δεσπότην

82 1306 236 1387 ἐπέγνων,
257 1307 313 1370 καί
333 1297 441 1371 οὐκέτι
458 1297 627 1386 ἐλεύθερον
643 1303 808 1384 βλέπουσι.
850 1299 1013 1369 Μάλιστα
1032 1311 1094 1390 μὲν
1110 1299 1169 1373 οὐν

84 1407 264 1499 ἐλεύθερον
279 1408 561 1480 ἀναπεταννύουσι
576 1411 753 1498 βλέφαρον,
775 1411 830 1474 καλ
850 1416 913 1476 τῶν
928 1406 1043 1500 φόβων
1058 1412 1170 1492 αὐτοῖς
1193 1401 1203 1425 ’

84 1521 257 1586 λυθέντων
289 1520 427 1603 (ἱλαροῦ
457 1516 522 1604 γάρ
552 1511 711 1584 δεσπότου
738 1517 896 1601 βασιλέως
924 1520 1170 1605 πεπείρανται),

85 1629 296 1694 συνδίδενται
326 1633 387 1710 μὲν
411 1624 564 1716 εὐλαβείᾳ
590 1620 717 1701 δούλοις
742 1621 925 1718 πρεπούσῃ·
962 1625 1109 1696 ἀνίενται
1134 1634 1170 1700 δὲ

85 1730 208 1813 ἀλλοις,
229 1737 286 1802 καί
304 1733 412 1822 ἔχουσι
433 1728 471 1802 τό
490 1735 525 1801 ἐν
541 1726 737 1815 εὐαγγελίοις
758 1719 790 1798 εὐ
811 1728 865 1798 δίά
887 1729 926 1799 τό
946 1733 1003 1814 τῆς
1024 1738 1169 1816 δουλείας

87 1835 232 1924 ἀγαθόν
257 1846 313 1910 καὶ
338 1838 473 1924 πιστὸν,
514 1847 571 1910 καί
591 1844 649 1930 τῆς
669 1841 861 1930 εὐχρηστίας
882 1839 1168 1929 ἀντιλαμβάνουσι

84 1945 127 2018 τό
149 1944 398 2042 φιλάνθρωπον.
1028 1955 1030 1963 “
1220 1953 1224 1959 ’

170 2055 204 2124 8.
234 2055 481 2144 Ἀναβυὴσυμαι
506 2052 590 2144 πρός
616 2054 745 2134 τούτοις
772 2061 827 2124 καί
852 2053 895 2124 τά
916 2058 980 2125 τῶν
1001 2054 1169 2140 Παιόνων,

90 2166 215 2244 ἔθνους
241 2162 360 2233 τούτου
386 2165 555 2250 μεγίστου,
583 2169 639 2232 καὶ
659 2165 720 2252 την
747 2162 852 2232 πύλαι
880 2161 994 2256 φήμην
1015 2172 1069 2234 καί
1091 2169 1169 2245 τούς

93 2274 252 2362 ἀρχαίους
278 2267 374 2360 ὅρους
400 2269 670 2359 ὐπερελάσαντος.
708 2269 958 2360 Ἁνακράξομαι,
980 2268 1023 2350 ὡς
1044 2273 1172 2354 πάντας
1240 2342 1242 2353 ,

89 2381 135 2452 ἀν
157 2378 275 2460 αὐτούς
295 2373 377 2450 εἶναι
397 2405 447 2459 τις
468 2379 541 2467 ἀρτι
563 2375 763 2466 στοχάσηται
782 2382 908 2465 μᾶλλον
926 2383 1008 2472 ἤπερ
1027 2387 1172 2470 τεχνίτας

91 2485 230 2570 τάξεως,
244 2492 304 2557 Ικαί
323 2485 466 2573 πόλεμον
489 2488 616 2566 εἰδότας
637 2490 692 2555 καί
715 2481 802 2554 ὅπλα
825 2486 964 2576 μάχιμα.
1007 2487 1098 2556 θύται
1112 2494 1174 2557 ,καλ
1287 2503 1298 2518 “

38 2655 40 2664 .
93 2593 189 2664 αὐτοὶ
208 2598 254 2682 τῷ
271 2591 438 2683 Ῥωμαίων
452 2600 585 2682 βασιλεῖ
596 2595 762 2682 ἀνταίρων
779 2589 888 2664 όπλων
904 2593 1097 2677 ἀπέμαθον,
1119 2604 1174 2665 καί

91 2710 126 2774 οί
143 2710 220 2792 πρίν
237 2700 392 2792 ἀβέβαιον
412 2712 481 2783 τοῖς
501 2704 700 2791 βουλεύμασι
720 2709 776 2772 καὶ
797 2704 1015 2782 ἀστατοῦντες
1036 2701 1095 2792 οὐχ
1114 2697 1175 2788 ἦν·

93 2837 164 2892 τον,
185 2809 204 2894 ἣ
223 2812 451 2902 ὁπρραρῥίων
470 2811 588 2892 αὐτούς
595 2810 739 2901 Ἴστρος,
760 2807 799 2880 ὃν
815 2809 860 2891 είς
877 2809 1062 2905 ἀσφάλειαν
1078 2828 1176 2900 προι·

94 2917 276 3010 βάλλοντο,
303 2925 362 2986 νῦν
386 2916 553 3005 πεπηγασι
575 2925 632 2989 Ικαί
660 2923 706 3006 τῷ
725 2925 787 2988 δίει
806 2928 867 3009 μίν
886 2923 1061 3008 βασιλικῷ,
1089 2919 1176 2991 ἀλλά

94 3032 154 3097 καί
174 3025 218 3105 εἰς
236 3027 317 3112 μίαν
336 3025 459 3114 βουλὴν
479 3024 624 3118 εὔφρονα
646 3027 820 3113 στάσιμον.
858 3029 902 3097 Ἡ
923 3032 956 3098 δέ
972 3038 1041 3097 ἐστι
1057 3029 1095 3098 τὸ
1113 3059 1176 3117 μη-

96 3138 169 3206 κέτι
194 3131 353 3214 κινδύνοις
374 3135 509 3213 ἑαυτούς
529 3133 768 3221 παραβάλλειν,
799 3135 883 3208 ἀλλὰ
905 3143 952 3222 τῷ
970 3140 1175 3222 βασιλείπε-
1188 3181 1204 3192 -

97 3251 167 3314 σεῑν
188 3239 253 3312 ὐπό
276 3238 400 3321 πόδας,
427 3247 481 3310 καί
502 3249 579 3322 τέως
598 3248 661 3327 μὲν
676 3240 941 3324 τίςδυσοίπησιν,
972 3227 1041 3311 εἶτα
1062 3250 1117 3311 καὶ
1137 3243 1178 3312 ἀ-

98 3352 279 3436 ναστῆναι,
299 3353 356 3417 καλ
375 3347 417 3416 τά
432 3349 489 3433 τῆς
507 3345 626 3430 οἰκείας
643 3359 703 3438 γῆς
721 3357 840 3444 φαγεῖν
857 3339 992 3437 ἀγαθά.
1029 3349 1097 3420 Ἔτι
1117 3351 1178 3433 τάς
1208 3398 1210 3409 .

97 3452 392 3545 σιδηροκροτητους
408 3451 503 3523 αὐτοὶ
516 3455 656 3545 κορύνας
671 3466 848 3548 αίρομίνας
864 3463 998 3538 ἕκαστος
1012 3468 1179 3549 προορῶν-

98 3593 158 3635 ται
174 3563 260 3634 κατά
278 3566 440 3657 κεφαλῆς,
462 3559 507 3633 δι’
528 3555 573 3632 ὧν
595 3569 845 3655 συνετρίβησαν·
876 3567 922 3635 ίτι
940 3565 982 3634 τά
1000 3569 1034 3650 ἐξ
1051 3571 1178 3637 ἐκείνων

98 3678 330 3762 συντρίμματα
344 3673 470 3754 τούτοις
483 3675 709 3760 ἐγγέγλυπται.
733 3676 790 3743 Διό
802 3678 856 3743 καὶ
872 3671 1099 3762 ἀποτρόπαιον
1118 3673 1182 3743 αὐ-

31 3823 37 3834 ·
97 3787 171 3860 τοῖς
194 3777 213 3868 ἡ
236 3779 355 3870 κορύνη
371 3787 464 3869 μέχρι
486 3786 540 3850 καί
561 3787 663 3864 θέας,
690 3787 787 3870 μέχρι
807 3789 863 3850 καί
885 3778 987 3850 αὐτοῦ
1006 3780 1180 3870 ὀνόματος.

97 3893 170 3960 Καί
194 3889 247 3968 (τό
269 3888 453 3976 τεράστιον)
474 3881 584 3960 ὅπλων
603 3895 664 3976 μὲν
687 3893 803 3979 ἑτέρων
829 3887 910 3976 όψιν
933 3889 1104 3978 ἀνέχοντες
1121 3897 1180 3962 καί

98 3997 239 4091 όριίντες
259 3991 361 4079 αὐτὰ,
379 3999 432 4069 ίπί
449 3992 727 4089 χάραςμένουσι,
749 4003 805 4068 καί
822 3998 916 4068 οὐδέν
936 4023 968 4072 τι
988 3996 1071 4090 πρός
1089 4005 1180 4070 θίαν
