2848 4778
69 339 202 434 utun]
539 353 660 408 asma.
798 289 805 304 l
1069 327 1147 404 m

70 543 156 590 σται.
191 517 261 584 tlon
270 509 415 597 Procopii
438 508 507 574 loeo
526 501 685 592 quominus
702 498 742 564 de
760 496 921 566 Enbedoto
942 497 1049 566 dario.
1060 500 1148 588 engi..

68 641 180 708 temus‚
205 617 374 709 impediunt
389 633 548 679 menturae
563 605 786 694 Pmcopionae,
807 623 885 688 qnae
904 618 975 670 aaut
992 607 1058 670 XI.
1077 605 1149 672 nil..

70 730 172 812 haria,
199 727 273 794 coll.
292 721 358 802 iis.
379 741 458 806 quaa
484 713 615 811 erpotui
636 709 728 800 p.14
748 731 797 793 sq.
819 706 850 772 in
870 707 1048 794 antiquitate
1064 709 1150 778 urbia
1200 773 1204 779 .

70 851 102 903 et
118 830 295 900 nominihus.
337 827 439 893 Multo
460 822 558 889 minus
578 841 645 882 cum
662 811 821 880 Hardnino
840 811 881 878 ad
898 811 976 878 Plin.
994 816 1038 881 H.
1057 818 1099 883 N.
1115 812 1148 898 4,

73 943 113 1008 17
135 939 201 1022 (1⁰)
222 931 336 1000 fltrvius
356 927 484 1013 uliquis,
515 924 548 991 in
568 922 681 987 Axium
701 917 825 998 labeus,
853 915 926 1000 eligi
946 916 1073 1003 poterit,
1102 941 1148 990 ac.

67 1041 235 1126 incognitus
255 1035 380 1102 aliunde
399 1031 544 1098 Rhodiae
565 1024 760 1108 (Rb'o‘diue),
789 1019 925 1086 silentio
945 1021 1036 1086 Plinii
1056 1044 1149 1106 sana3
1260 1077 1273 1104 ,

68 1165 130 1215 tum
150 1143 226 1208 enim
243 1143 343 1206 Axius
362 1135 549 1225 potissimum
569 1153 589 1198 a
608 1126 756 1214 Procopio
774 1124 933 1192 memorari
953 1123 1086 1193 debehat
1104 1129 1149 1194 ai·
1265 1143 1270 1154 ·

66 1271 181 1335 nosque
194 1243 404 1323 Thermaicus,
425 1263 487 1306 non
502 1261 614 1328 ‚mere
631 1235 740 1301 etted‘t
760 1228 960 1310 (θάλασσαν
979 1231 1039 1320 τὴν
1051 1235 1149 1310 imile

65 1354 256 1437 Rechioaqua
271 1349 302 1414 in
321 1369 404 1413 mare
417 1367 452 1410 ee
466 1354 623 1422 exonerat,
641 1337 745 1404 nonin
760 1337 853 1403 elium
866 1336 1005 1407 fluvium
1045 1341 1148 1405 Taceo

65 1480 182 1546 quoque
211 1456 250 1520 de
276 1471 482 1518 mensurarum
509 1445 695 1513 difficultate.
736 1440 867 1508 Florius
886 1465 960 1509 vero
981 1442 1147 1510 Ptolemaei

64 1571 188 1648 (geogr.
207 1559 326 1641 3,13.)
350 1553 502 1620 Chabriae
520 1573 547 1618 s.
572 1549 724 1615 Chabriae
745 1569 869 1635 prorsus
888 1545 1071 1630 rejiciendae
1090 1561 1148 1614 eat.

63 1667 112 1734 lbi
131 1664 220 1747 onitu,
241 1658 324 1727 utin
343 1657 423 1723 omni
442 1657 507 1722 fere
520 1652 707 1735 Chalcidice,
728 1677 788 1718 non
808 1655 879 1729 lice
899 1649 1000 1737 (uligo
1017 1673 1044 1717 e.
1061 1673 1147 1716 cam-

66 1793 125 1860 pus
152 1767 299 1852 irriguus)
326 1759 497 1842 insonitum
529 1759 676 1844 abestque
704 1757 856 1825 Chabrias
883 1779 902 1824 a
927 1755 1147 1822 Thessalonica

64 1899 123 1941 sex
142 1873 205 1938 lere
227 1874 301 1950 (non
322 1859 422 1933 multti
435 1865 519 1954 plus)
538 1863 693 1929 leucantnn
712 1861 830 1950 spatio,
851 1861 891 1927 de
911 1883 972 1948 quo
992 1859 1065 1927 vide
1080 1863 1147 1927 Nos

60 1999 155 2068 supra
173 1997 245 2063 pag.
266 1974 339 2039 217.
1120 2015 1125 2026 .

144 2079 344 2166 cogitandum
369 2073 461 2161 igitur
489 2072 529 2140 de
555 2093 630 2158 agro
659 2072 776 2140 Bolbes
801 2075 958 2158 orientali,
983 2074 1038 2161 qni
1062 2074 1148 2141 lacus
1225 2075 1227 2084 ’

60 2187 151 2256 fluvii
168 2182 330 2274 peculiaris
348 2181 438 2246 alveo
457 2178 490 2244 in
509 2178 607 2244 sinum
628 2178 831 2268 Strymoninm
852 2180 918 2244 exit
937 2179 1095 2268 (Thucyd.
1114 2175 1147 2261 4,

59 2295 170 2374 103.);
198 2291 317 2373 dequo
343 2283 495 2350 videndae
524 2283 646 2350 tabulae
671 2281 894 2369 geographicae
918 2280 1090 2347 Gonninerii
1116 2293 1148 2344 et

59 2393 184 2483 Lupini,
205 2392 277 2458 coll.
297 2391 355 2456 hac
373 2386 593 2455 Dimematione
613 2409 645 2473 p.
655 2386 727 2453 263.
770 2388 847 2452 Cum
866 2386 915 2452 his
935 2409 1009 2452 vero
1022 2384 1149 2468 mirifice

57 2498 192 2566 concinit
212 2495 346 2581 regionis
365 2491 449 2558 illius
469 2489 676 2580 Mygdonicac
695 2473 858 2578 descriptio
879 2494 926 2578 (p.
943 2489 1007 2556 25⁰
1022 2491 1109 2574 etp),
1130 2511 1149 2553 e

57 2600 261 2691 scriptoribus
275 2596 420 2686 Procopio
437 2593 654 2682 posterioribus
671 2617 689 2660 a
703 2617 752 2660 me
768 2586 874 2681 petiti.
905 2595 969 2662 Sed
984 2592 1149 2661 videndum

57 2732 183 2798 quoqne
202 2709 241 2772 de
255 2702 433 2771 milliaribus
448 2699 587 2788 Procopii
596 2703 671 2765 xt..
712 2697 861 2764 Antonini
872 2699 1008 2784 Augusti
1020 2697 1165 2764 itinerari

56 2815 141 2884 mum
156 2816 205 2900 (p.
219 2811 292 2876 330.
308 2807 358 2874 ed.
369 2805 541 2886 Weesel.):
562 2804 739 2889 Apollonio
753 2805 806 2869 M.
825 2806 865 2870 Ρ.
879 2803 1052 2868 XXXVI.
1067 2801 1103 2880 (i.
1117 2823 1148 2870 c.

56 2920 102 2986 ab
117 2917 194 2984 urbe
207 2911 428 2984 Thessalonica
448 2931 544 2994 usque
563 2907 604 2974 ad
623 2907 727 2972 urbem
748 2906 937 2995 Apolloniam
957 2927 1151 2971 numerantur

55 3027 110 3090 Μ.
128 3026 167 3090 P.
185 3022 379 3102 XXXVI.).
409 3015 496 3080 ldern
513 3009 700 3078 itinerarium
714 3035 747 3100 p.
758 3012 852 3080 detta
871 3010 1146 3094 Metamgtav)

51 3186 305 3208 μ

96 3295 146 3357 92)
175 3293 285 3346 Nomen
311 3281 469 3340 hodiedum
494 3283 582 3336 extat.
628 3274 783 3349 suagrio,
807 3276 872 3332 aad
891 3275 918 3332 ir
935 3273 1091 3330 inhabited
1109 3271 1148 3346 by
1239 3341 1240 3344 Ἴ

51 3379 161 3436 Leuke
185 3383 257 3432 tran.
287 3371 318 3427 io
349 3369 444 3426 north.
473 3371 583 3424 Graece
628 3360 869 3438 boam-moltero,
887 3379 922 3417 oe
938 3359 1148 3415 titetoordim·

52 3469 124 3524 Vol.
144 3468 172 3520 3.
193 3481 260 3536 pag.
271 3463 347 3518 ibba
375 3457 423 3519 Oet
442 3453 584 3513 therood
628 3449 713 3522 plica.
749 3447 779 3504 11
797 3465 857 3504 avua
876 3449 965 3502 20m·
982 3449 1017 3500 21
1039 3445 1087 3502 M.
1107 3442 1146 3499 P.

44 3555 144 3627 from
170 3545 431 3606 Thessalonicam
453 3538 582 3613 Apollo·
623 3537 711 3607 from
738 3530 956 3590 Thessalonica.
995 3534 1041 3584 Ex
1060 3528 1147 3594 boine

50 3638 116 3696 etia
137 3637 180 3708 os
190 3630 374 3710 Mygdonio,
390 3647 411 3686 u
425 3627 582 3684 Mettsear-
629 3617 802 3692 Meltssurgi
825 3619 896 3674 sede
917 3615 1049 3687 quaestio
1074 3631 1147 3684 pett-

47 3725 89 3800 ge'
115 3713 223 3780 occure
246 3718 279 3774 in
298 3727 354 3772 two
376 3713 473 3788 oftlre
488 3711 583 3769 Itine-
631 3710 680 3766 det
696 3709 733 3762 da
751 3722 786 3762 ea
804 3703 876 3758 Viae
896 3697 1034 3773 Egnatiae
1055 3707 1148 3770 porta,

48 3808 182 3868 rorico:
204 3802 263 3860 thie
281 3801 367 3876 piace
385 3797 449 3856 still
466 3815 583 3871 preser-
630 3811 705 3866 quae
727 3786 921 3865 Mygdoniam
947 3784 1149 3846 interciatam

45 3914 102 3954 vec
128 3894 172 3949 ita
195 3889 313 3947 nudent
330 3903 416 3942 nome
432 3883 465 3938 in
482 3883 529 3938 tlte
547 3901 582 3939 tt-
630 3883 828 3940 Thermaenm
842 3879 873 3930 ct
884 3869 1083 3946 Strymoniarn
1098 3889 1149 3942 pe·

47 3978 128 4041 sual
141 3969 275 4035 Romoic
291 3973 379 4044 foma
397 3969 438 4042 of
451 3968 581 4026 Melit·
630 3971 733 4026 neunt.
767 3957 851 4018 Alina
871 3959 954 4014 locus
970 3957 1074 4014 eodem
1094 3973 1148 4014 nna

905 4048 946 4112 18

100 4087 287 4138 nauclerico.
