2844 4772
58 368 128 458 ιω]
266 387 522 444 εοετετττιιιε
549 391 946 447 τιττεειιοαιοεαειε.
1066 373 1142 456 431

62 541 188 636 φωνῇ),
212 535 284 610 οἷον
304 537 343 628 δὴ
366 539 490 628 βροντὴ
515 550 641 635 πρᾳεῖα.
660 540 848 635 ούρανόθτν
870 551 995 630 σεμνοῖς
1019 544 1140 631 ῥήγνη.

61 675 139 730 ται,
160 648 198 718 ού
218 645 301 734 πρὸς
325 651 542 737 ἐμβρίθειαν,
570 651 644 719 οὐδὲ
666 648 752 736 ἀγαν
774 646 979 739 τραχύτητα,
1005 645 1086 721 όσον
1106 658 1142 733 δὲ

61 760 216 847 ῥοιζῆσαι
235 757 355 848 ἠρέμα,
383 763 439 824 καὶ
462 759 579 844 ἱλαρούς
602 761 796 850 ἐπιστρέψαι
817 761 863 844 τῷ
883 757 1065 856 περιτράνφ
1086 759 1144 831 τόν

61 863 285 954 ἀκροώμενον.
331 871 488 936 Τοιοῦτον
512 864 651 956 ἡρωϊκόν
675 855 755 956 ἦχον
778 864 1003 955 προβάλλεταῖ
1028 892 1079 938 σοι
1098 871 1140 950 τᾴ

63 981 126 1064 τῆς
151 976 280 1052 λαλιᾶς.
327 976 398 1041 Καὶ
423 975 545 1062 τὰμὲν
567 973 611 1056 τίς
634 971 820 1063 γλυκύτητα
846 973 1022 1061 νοημάτων
1044 979 1141 1044 Μον-

62 1087 132 1152 σνύν
158 1087 327 1170 ἐμμέλειαν
349 1087 534 1170 προάγονσί
555 1109 608 1152 σοι
632 1084 674 1151 τά
693 1089 798 1172 χείλη·
828 1079 847 1148 ὁ
869 1085 904 1148 δὲ
923 1086 1055 1166 πληγεὶς
1074 1084 1141 1172 ἀήρ

62 1189 110 1270 τῖς
133 1190 295 1280 βροντὴν,
326 1190 427 1280 τορὸν
455 1201 534 1278 μὲν,
570 1198 613 1272 εἰς
644 1188 784 1286 φρικτόν
812 1195 846 1259 δὲ
870 1195 1052 1275 λαλοῦσαν,
1086 1192 1145 1268 τόν

61 1287 145 1386 ἦχον
163 1295 383 1386 ἀπεσχεδίασε.
411 1302 482 1367 Καὶ
502 1308 566 1368 τῶν
588 1298 801 1400 ἀκροωμξνων
820 1293 838 1367 ὁ
855 1305 918 1386 μὲν
934 1295 1143 1390 ἀμφοτέραις

61 1401 136 1477 οἷον
163 1405 382 1500 δραττόμενός
408 1433 461 1478 σοι
484 1409 543 1478 τοῦ
567 1405 680 1495 λόγον,
714 1406 798 1500 ἀκοῇ
820 1416 881 1500 μὲν
905 1415 963 1495 τῆς
984 1407 1140 1497 διατόρον

62 1517 198 1608 φωνῆς,
227 1519 315 1611 ψυχῇ
344 1521 377 1584 δὲ
408 1519 465 1604 τῆς
495 1513 716 1612 ύφηλολογιάς
745 1517 806 1584 τού
829 1515 1008 1605 νοήματος,
1041 1525 1140 1586 θεῖαν

62 1623 108 1694 ἀν
130 1629 213 1695 εἴποι
236 1621 365 1694 ἀκούειν
386 1624 516 1718 φωνὴν,
539 1631 593 1694 καὶ
615 1623 753 1714 άγγελον
771 1621 906 1712 ύψύθεν
924 1629 1050 1695 λαλεῖν·
1071 1623 1141 1694 ὁδὲ

64 1732 114 1824 μή
135 1730 251 1812 καλεῖς
270 1735 348 1801 νοῦν
365 1730 569 1820 ἑαβαθύνειν
586 1739 683 1822 ἔχων,
704 1732 778 1802 ἀλλ’
800 1733 1002 1814 ἐπιπολάζων
1021 1740 1067 1820 τῷ
1085 1741 1143 1820 τῆς

64 1833 182 1920 λαλιᾶς
206 1839 359 1928 ῥεύματι,
387 1839 530 1932 βροντὴν
555 1840 597 1910 ἀν
623 1845 707 1909 εἴποι
732 1844 916 1924 γαληναίαν
940 1842 975 1922 ἐξ
993 1840 1142 1932 ύψίστων
1222 1882 1225 1891 =

64 1957 176 2021 ποθέν
192 1955 414 2034 ὲνωτῖζεσθαι.
456 1951 631 2036 Στέντορα
649 1952 708 2034 μὲν
727 1938 785 2014 ούν
804 1948 955 2014 ἐνταῦθα
973 1945 1139 2038 προάγειν,

63 2054 141 2129 ἀλλ’
168 2056 231 2144 ε’γώ
263 2066 318 2126 καὶ
346 2062 493 2148 πέφρικα
523 2057 581 2126 τὸν
610 2052 735 2144 ἄνδρα,
772 2047 808 2132 ύς
837 2053 1005 2138 ἐξηκούετο
1031 2060 1137 2141 βοῶν,

64 2167 146 2237 ὅσον
166 2167 260 2234 άλλοι
280 2163 499 2248 πεντήκοντα·
530 2163 707 2260 ύφορῶμαι
734 2165 819 2249 γάρ,
845 2161 969 2250 μήποτε
990 2169 1045 2231 καῖ
1064 2189 1141 2232 πεν-
1250 2201 1253 2207 -

63 2274 211 2362 τήκοντα.
228 2277 347 2342 λαθιδν
370 2269 387 2344 ὁ
412 2276 525 2359 μῦθος
546 2269 780 2364 ὑποβοθρεύσῃ
803 2266 956 2358 στόματα
976 2273 1023 2357 τῷ
1042 2276 1141 2340 πολο-

63 2382 163 2480 φύνρι
193 2385 400 2470 Στεντορεῖῳ
435 2387 557 2472 τέρατι.
600 2379 807 2467 Ἀλκιβιάδαν
840 2387 874 2451 δὲ
905 2380 990 2452 ἀλλὰ
1019 2387 1051 2453 τί
1079 2411 1138 2471 μοι

63 2496 278 2585 μεμνῆσθαι,
308 2483 347 2560 ού
370 2490 471 2577 γλυκύ
495 2499 557 2580 μὲν
583 2483 624 2576 ἦν
649 2491 686 2559 τύ
712 2498 869 2585 φθέγμα,
896 2490 1011 2560 ὁποῖον
1036 2495 1071 2560 δὲ
1095 2491 1138 2559 ἀν

63 2609 120 2674 καὶ
147 2597 326 2688 ψελλισμὸς
349 2599 507 2694 βρεφικὸς
531 2597 751 2689 ὑποβάληται.
792 2599 938 2690 Ἥρεοκε
959 2606 996 2670 δέ
1016 2627 1076 2690 μοι
1099 2597 1137 2671 τύ

64 2713 123 2783 τού
147 2708 379 2798 Ἀλεξάνδρον,
418 2714 478 2776 τοῦ
509 2713 613 2778 καλού
628 2714 818 2797 βασιλέως,
854 2717 1063 2796 παραγαγεῖν
1094 2703 1138 2788 τίς
1198 2705 1203 2716 ’

61 2815 257 2906 συναγωγὴν
281 2815 484 2904 ὁμοιότητος.
533 2816 630 2887 Ἀλλά
659 2823 715 2887 καῖ
744 2821 864 2898 ἐκεῖνος
889 2813 1055 2904 ἐγλύιιαινι
1077 2821 1136 2886 αλν

65 2926 243 3018 ἀκρόασιν,
273 2919 335 3016 εἶχε
357 2931 391 2995 δέ
411 2943 487 2994 τινα·
506 2930 704 3015 διαμαρτίαν
726 2927 864 3021 φύσεως.
911 2924 1083 2992 Ἐνταῦθα
1104 2928 1138 2992 δὲ

65 3037 147 3126 ὑπὲρ
168 3035 297 3114 πάντας
317 3033 355 3102 τό
377 3039 538 3127 φθέγμα,
559 3025 657 3114 ύσοος
678 3033 695 3104 ὁ
717 3033 858 3115 παλαιὸς
878 3032 976 3118 λόγος
997 3035 1048 3099 ἐπὶ
1063 3037 1142 3118 γλυ·

66 3129 182 3230 κύτητι
202 3128 319 3221 λαλιᾶς
342 3143 569 3227 άπεσέμνννεν.
622 3139 702 3209 (λύτε
722 3140 787 3230 γάρ
809 3139 853 3220 εἰς
874 3146 996 3208 ἔνδειαν
1017 3135 1144 3206 ὑποκά-

65 3261 192 3340 θηται,
229 3248 272 3332 ὥς
294 3250 441 3335 ἀνάγκην
469 3237 551 3315 εἶναι
577 3251 773 3336 διττολογεῐν
800 3247 838 3316 τό
860 3245 1033 3334 ύπηχηθὲν
1058 3243 1141 3334 πρός

66 3362 243 3452 ἀκρόασιν·
277 3357 350 3430 ούτε
372 3351 416 3436 εἰς
439 3355 664 3444 στομφασμύν
686 3356 884 3426 πλατύνεται
909 3351 1140 3441 ἀνοιγόμενον,

48 3467 155 3544 ’ὅθεν
186 3469 229 3537 τά
260 3477 314 3551 τῆς
343 3473 453 3560 φωνῆς
480 3463 665 3546 οκεδάζεται
691 3476 734 3546 εὶς
762 3461 1007 3555 ἀδιάρθρωτον.
1043 3458 1144 3530 Ἀλλὰ

61 3579 125 3670 χρὴ
154 3580 313 3664 λαλῆσαι,
345 3579 399 3642 καὶ
424 3568 600 3656 τὸνλόγον
626 3569 728 3654 εύθύς
753 3575 997 3662 περιηγηθῆναι
1022 3576 1066 3648 ελς
1090 3569 1142 3636 εύ-

63 3688 219 3777 μάθειαν
243 3688 454 3778 φθέγματος.
501 3684 540 3748 Τι’
563 3710 619 3770 μοι
644 3687 747 3768 λέγειν
770 3682 894 3762 πολλάς
923 3676 1094 3765 Λιάσημον
1111 3685 1145 3754 ἐν

64 3804 196 3890 φωναῖς
224 3793 261 3861 τύ
292 3790 351 3860 σύν
380 3794 541 3881 φθέγμα,
574 3796 628 3858 καὶ
655 3790 757 3878 (κατά
785 3792 823 3862 τύ
853 3791 1093 3876 γεγραμμένον)
1120 3779 1142 3876 ,ἦ

67 3901 170 3972 λαλιά
197 3926 258 3970 σον
284 3897 406 3987 ὡραῖα,
434 3903 487 3964 καὶ
510 3894 564 3982 (τύ
587 3907 654 3966 πᾶν
674 3899 788 3986 εἰπεῖν)
808 3897 957 3984 βασιλικὴ
977 3899 1031 3962 καὶ
1052 3889 1145 3977 αὐτό.

68 4007 167 4082 Οὕτω
196 4014 292 4098 μέχρι
318 4011 374 4076 καὶ
402 4006 464 4076 τῶν
492 4007 720 4093 σμικροτάτων
748 4009 877 4090 λινεύς
900 4003 1072 4095 ἐμεγάλυνέ
1088 4029 1143 4087 οε,
