2834 4772
55 371 140 462 11.].
278 395 530 450 εσετεσωιιιε
557 399 954 456 ειιεεεειοαισενειε.
1067 381 1146 457 ’425

53 543 234 616 δακτύλων
254 543 400 625 τύπωσις
412 553 635 631 θεσκίνητος,
664 547 747 636 πρός
775 545 957 637 ὁμοιότητα
975 551 1149 642 χρώματος
1235 603 1247 638 ,

57 653 264 744 βάπτουσα,
287 655 543 750 καλλιγραφύσει
564 657 606 725 τά
627 654 782 739 σώζοντα.

149 760 201 826 26.
242 761 438 846 Τοιαύτηνὲ
438 761 483 849 γά
504 789 540 832 σε
562 768 678 851 θεωρω
697 765 852 852 κιβωτόν,
875 768 1030 838 θειότατε
1049 776 1148 857 βασι-

54 865 180 952 λεῡ,
159 897 200 957 ην
216 874 354 961 φέρουσι
372 901 395 956 μ
400 870 537 959 ἒνβόες,
561 873 599 940 ού
619 875 687 940 κατ’
709 878 833 958 ε’νιεὶνην
850 873 911 962 τὴν
931 879 1078 962 τοπικὴν,
1106 875 1145 950 ού

55 979 149 1064 πρὸς
166 983 348 1062 αἴσθησιν·
371 980 455 1050 ἀλλὰ
473 977 646 1049 θειότατοι
664 982 806 1066 βόες,’
775 1011 806 1052 οι
822 983 882 1061 τάς
899 986 1009 1077 ψυχὰς
1026 987 1146 1074 ἀροῦν-

57 1115 119 1167 τες
145 1081 339 1170 ἀπόστολοι,
378 1084 427 1168 οἷς
458 1088 598 1179 πρώτοις
623 1091 641 1157 6
668 1099 731 1158 τῶν
758 1091 937 1160 διεστώτων
966 1099 1147 1189 συνεκτινρὸς

58 1200 211 1278 ἐπετέθη
238 1194 342 1281 ζυγός.
392 1201 590 1284 Φερουσι
556 1205 590 1266 6
611 1205 664 1268 καὶ
684 1204 775 1284 ἱερεῖς
794 1205 825 1267 οἱ
848 1209 912 1269 τῶν
933 1207 1147 1289 μακαριστῶν

58 1309 204 1390 πατέρες
223 1306 350 1392 ἔξοχον,
373 1301 421 1384 οἷς
441 1314 680 1395 ἐπαναπέμπων
697 1309 756 1394 την
777 1316 835 1376 τοῦ
857 1312 919 1378 σοῦ
939 1309 1014 1388 νοός
1037 1314 1148 1398 ὲμβρί·

57 1420 183 1491 θειαν,
215 1419 268 1480 καὶ
302 1429 364 1492 τοῖς
389 1420 552 1495 πολεμίοις
577 1415 889 1502 άντεπεξαγὸμενος,
921 1417 1047 1504 τρόπεις
1072 1421 1148 1498 τούς

59 1521 267 1611 ἁντιμάγονς
285 1518 373 1604 ύμῖν,
397 1533 443 1615 τῷ
462 1531 522 1618 νέῳ
540 1523 689 1613 Ἰσραήλ,
713 1528 759 1612 τῷ
778 1523 944 1617 άπσλέιιτῳ
963 1526 1069 1612 κλήρῳ
1089 1536 1149 1596 τοῦ

62 1633 170 1709 θεοῦ,
208 1636 262 1698 καὶ
287 1629 393 1710 άνόεις
416 1629 591 1718 ὀρθότατα
617 1635 676 1718 την
697 1631 889 1722 ὁδοιπορίαν
914 1642 972 1720 τῆς
995 1639 1148 1719 πίστεως,

62 1745 123 1810 καὶ
146 1737 222 1820 τοῦς
241 1736 409 1818 τοιούτους
431 1745 485 1809 καὶ
507 1745 641 1827 ἐγγίζειν
664 1742 798 1824 ἀξειοῖς,
827 1747 882 1809 καὶ
903 1742 1073 1830 ύπανέγειν
1099 1768 1150 1825 σε,

61 1854 124 1920 καὶ
138 1846 416 1935 προσάπτεσθαι.
453 1845 591 1936 Ἀναξιρ
612 1855 646 1918 66
667 1849 726 1918 οὐκ
747 1849 814 1918 ἔστι
833 1852 1048 1941 προσψαύσαι
1071 1855 1147 1934 σοῦ,

63 1957 227 2045 καθάπερ
243 1952 349 2026 066’¹
334 1959 453 2040 εκείνης
470 1961 527 2045 τῆς
545 1963 580 2024 ἐν
595 1956 682 2050 τύπῳ
700 1961 854 2062 κιβωτοῦ,
875 1955 1149 2046 αἰχμαλωτισθη-

63 2093 124 2136 ναι
139 2073 248 2166 μέντοι
263 2066 331 2133 κατ’
353 2071 486 2148 ἐκείνην,
507 2071 560 2136 καὶ
579 2063 819 2153 άπαγθῆναι’
796 2091 839 2141 εις
858 2063 1043 2154 ἀλλοτρίου.
1081 2072 1149 2135 Τοῦ

59 2173 194 2254 παντὸς
218 2179 253 2242 δὲ
275 2172 413 2261 εἰσάγεις
440 2177 494 2241 καὶ
517 2174 667 2259 συνάγεις
693 2175 774 2260 πρὸς
798 2175 881 2242 θεὸν
904 2171 941 2241 τό
962 2170 1020 2260 τὴν
1040 2176 1150 2243 πίστιν
1248 2237 1250 2244 ,

63 2280 255 2369 ἀλλότριον,
284 2289 337 2349 καὶ
368 2311 410 2367 α,
413 2309 456 2360 εις
484 2283 558 2360 τούς
585 2283 829 2372 ἀφισταμένους
856 2307 899 2358 εις
928 2285 1012 2350 θεοῦ
1032 2279 1151 2352 οἰκειό-

63 2419 168 2474 τητα,
197 2397 253 2460 καὶ
281 2387 339 2473 τὴν
366 2399 425 2459 τοῦ
452 2393 536 2462 θεοῦ,
561 2391 664 2477 αὐλὴν
684 2386 860 2476 προβάτων
882 2392 1034 2474 πληροῖς,
1064 2383 1149 2480 ἅπερ

66 2493 134 2587 εἶχε
157 2507 218 2587 μὲν
240 2500 364 2578 θεὸς
348 2527 366 2567 ο
392 2504 496 2588 μέγας
520 2498 658 2588 ποιμὴν,
690 2500 751 2566 ἔσω
773 2501 806 2564 δὲ
829 2501 886 2581 τῆς
908 2500 1029 2580 ἐκείνου
1051 2495 1151 2583 αὐλῆς
1202 2573 1204 2576 ,

65 2607 160 2679 σύπω
183 2617 395 2696 προέκοπτον.

154 2719 206 2784 27.
236 2715 398 2806 Ἀργιερεύ
419 2715 573 2784 θειότατε
594 2718 650 2784 καὶ
670 2733 858 2806 σοφωτατε
892 2702 934 2797 ἦν
956 2707 1011 2782 ότε
1030 2719 1084 2784 καὶ
1111 2715 1183 2784 σιΙ
1241 2746 1243 2754 ’

69 2826 195 2911 ταύτης
212 2851 420 2918 συναγηπτου
442 2853 499 2911 της
514 2825 698 2910 κιβωτσύ,“
682 2830 822 2906 οπηνίκα
837 2823 1004 2908 πόλεμοςέ
1007 2834 1152 2914 κροτεῑτσ

69 2939 292 3018 πνευματικῆς
310 2933 525 3018 συζητήσεως,
547 2940 602 3000 καὶ
621 2926 660 3016 ἦῦ
679 2934 697 3001 6
718 2928 914 3017 ταττόμενος
938 2939 992 3000 καὶ
1012 2933 1153 3000 άντιπα·

74 3042 319 3131 ραταττόμενος
338 3046 510 3126 ἑτέρωθεν,
532 3048 586 3110 καὶ
603 3073 620 3126 η
641 3039 777 3126 κιβωτός
794 3039 981 3123 ἐπεξήγετο,
1004 3048 1057 3108 καὶ
1076 3043 1154 3124 (κα-

75 3152 192 3242 θάπερ
217 3141 256 3235 ἦν
280 3144 389 3233 όσιον)
418 3149 707 3235 συνεπελαμβάνου
735 3154 790 3214 καὶ
814 3143 928 3224 αὐτὸς,
960 3151 1014 3213 καὶ
1040 3148 1155 3233 ὀρθῶς

69 3267 229 3352 βεβηκυῖα
253 3267 511 3346 σνμπαρίστιισο.
555 3263 622 3325 Καὶ
647 3261 868 3344 κατωρθοῦτο
893 3254 931 3322 τό
954 3257 1037 3335 πᾶν,
1069 3253 1155 3322 θεοῦ

72 3373 269 3461 συρίζοντος
287 3370 344 3438 τὸν
365 3367 594 3454 αὐτοκράτορα
616 3363 695 3452 ὑπὲρ
713 3365 787 3441 τοῦς
805 3364 917 3431 αὐτου
893 3363 1076 3448 ἐχθρούς,
1096 3387 1157 3429 κα·

73 3480 129 3550 θά
148 3507 210 3548 που
228 3478 346 3573 ψάλλει
365 3481 479 3560 Δαβίῦ·
505 3483 558 3542 καὶ
577 3477 613 3542 τό
630 3476 813 3560 ἀντίμαγον
833 3471 976 3540 ἔπιπτεν
1008 3461 1083 3537 Ὅτε
1101 3473 1156 3535 καὶ

72 3587 114 3656 σύ
136 3581 196 3674 μὲν
215 3593 338 3673 σσιγίας
360 3582 555 3670 άβυσσος’
531 3611 592 3666 ων,
620 3590 674 3650 και
694 3583 777 3680 αὐτὸ
796 3579 834 3666 66
860 3581 957 3647 τοῦτο
977 3575 1076 3660 λόγου
1100 3571 1156 3642 διὰ

72 3702 111 3766 τὸ
132 3704 188 3779 τῆς
208 3695 382 3781 ἐπιστήμης
406 3696 517 3782 περιόν
540 3698 711 3782 ἐφθέγγου
730 3690 771 3756 τά
795 3697 854 3758 τοῦ
879 3694 974 3754 θεοῦ·
1005 3683 1064 3772 οὐχ
1085 3676 1156 3767 η’κι·

71 3832 138 3878 στα
155 3811 189 3873 δὲ
205 3833 260 3872 και
278 3801 295 3873 6
314 3813 464 3890 μέγιστος
478 3802 633 3886 βασιλεὺς
642 3796 832 3885 Ερμαϊκαις
848 3799 1007 3879 ἐνὲλαμπε
1018 3790 1153 3878 Χάρισι,

73 3912 222 4000 μάλιστα
238 3919 273 3981 66
291 3917 404 3984 (εἰπεῖν
424 3899 679 3988 οικειότατον)
660 3933 700 3988 ην
717 3903 759 3984 ιύς
777 3903 887 3988 στόμα
905 3907 1006 4006 θεοῦ·
1035 3893 1074 3967 ού
1095 3896 1158 3980 μό·
1170 3959 1173 3967 2

72 4046 133 4092 νον
150 4021 197 4102 οῦς
216 4022 380 4104 ἀξίονςἘ
345 4045 359 4088 ε
363 4045 456 4109 ηγεν
474 4022 509 4103 ἐξ
525 4015 666 4101 ἀναξίων
682 4013 768 4086 κατὰ
788 4011 825 4082 τό
843 4009 987 4102 γράμμα
1001 4006 1042 4076 τό
1061 4005 1157 4101 ἱερὸν,
