2824 4770
146 383 158 460 .'
199 389 204 400 '
269 410 391 462 xxxta
641 407 946 459 eaonsoontnss.

268 560 477 648 θεογνασίας
490 555 623 648 1στίὸρον
642 560 817 646 κατέβαλε,
846 561 902 628 καὶ
926 551 1088 644 πολύχουν
1104 554 1350 626 ἀποδίδοσθαι

267 658 326 730 τὸν
348 662 406 748 τῆς
427 661 563 740 πίστεως
586 653 716 746 καρσδν
739 655 969 728 διεσπούδασε·
983 653 1076 749 μετ’
1104 653 1205 726 αὐτὸν
1228 660 1264 724 dd
1293 657 1352 724 τὸν

267 769 372 851 μέγαν
397 771 432 830 ἐν
451 757 599 880 μάρτυσι
621 784 676 826 ναι
697 755 975 850 ἀξιοθαύμαστον
995 767 1029 826 ὲν
1048 755 1263 848 ἀθλοφόρους
1286 763 1351 840 Λη·

268 861 408 954 μήτριον
425 857 483 930 τὸν
503 858 727 948 μυροβλείτην,
750 859 888 928 πολύν’
869 862 984 945 cynica
1003 865 1058 928 καί
1075 859 1178 926 αὐτὸν
1193 854 1253 926 imi
1255 886 1275 950 ρ
1292 869 1350 944 τῆς

268 965 432 1052 εὐσεβείας
452 959 757 1048 μεταβαλόμενον(
757 964 812 1028 καί
828 959 894 1046 γὰρ
910 948 951 1049 ἦν
968 958 1052 1047 πρὸς
1070 965 1140 1038 τοῖς
1157 956 1270 1038 ἄλλοις
1293 987 1350 1046 της

269 1061 388 1154 ἀρετῆς
400 1058 584 1150 αὐχήμασιν
598 1062 645 1129 ἔτι
659 1089 713 1130 και
704 1063 869 1140 θείατ’
854 1067 1026 1147 εαττρέττιιν
1038 1059 1226 1147 διδάγμασι,
1238 1067 1293 1128 καί
1310 1064 1347 1156 τη

268 1172 342 1255 περὶ
358 1166 421 1232 τῶν
433 1161 608 1249 δογμάτων
619 1162 768 1250 ἀκριβείᾳ
782 1167 1027 1249 κεκοσμημένος,
1048 1151 1134 1242 ίξ
1098 1187 1135 1230 ου
1152 1134 1347 1248 ναίμᾶλλιίν

268 1267 307 1337 τὸ
320 1269 393 1352 περὶ
405 1262 504 1333 αὐτου
492 1263 658 1348 διεδόθη
671 1268 761 1341 κλέος
773 1268 841 1341 τοῖς
854 1260 1060 1352 cadonato)
1034 1287 1102 1330 ειτα
1116 1259 1190 1342 τοὺς
1203 1265 1349 1347 καθεξῆς

269 1365 426 1456 ἀρχιερεῖς
438 1361 576 1446 πάντας,
585 1367 645 1434 τοῦ
656 1367 815 1454 σωτηρίου
827 1359 961 1450 λόγον’
941 1366 1184 1451 αυτεχομὲνους,
1196 1354 1262 1446 ἐξ
1240 1388 1285 1428 ων
1299 1363 1348 1430 ἀεί

269 1469 527 1556 καταρτιζοαέυη
539 1491 593 1532 ναι
583 1462 951 1552 νιαιδαγωγουμίυη
918 1489 977 1548 την
989 1469 1159 1552 θειοτέραν
1170 1465 1350 1544 παίδευσιν,

271 1571 496 1653 δαταοντώδεις
516 1578 570 1641 καί
590 1571 741 1662 μυσαρὰς
759 1570 888 1652 πλάνας
905 1578 960 1642 καί
984 1570 1081 1655 δόξας
1104 1575 1160 1639 καί
1180 1572 1348 1650 είδωλικιίς
1403 1553 1404 1594 t

271 1681 498 1760 είκαιοθυσίας
523 1695 592 1761 τοῖς
614 1689 731 1769 τιμῶσι
754 1708 830 1762 τους
851 1675 1053 1768 δαίμονας
1033 1706 1120 1748 anea
1122 1687 1266 1766 έ,μψατο
1296 1677 1351 1768 ὀρ-

271 1787 404 1876 θοδόξῳ
424 1793 459 1858 δὲ
477 1791 593 1884 διδαχῇ
618 1789 678 1878 την
695 1791 808 1859 πίστιν
832 1794 1066 1880 σηραγίσασσ,
1095 1793 1149 1856 καί
1169 1791 1351 1872 ζιζανιιῖιδες

272 1899 379 1991 φυτὸν
398 1902 453 1968 καὶ
475 1898 639 1985 αἱρετικὸν
661 1903 716 1967 καὶ
739 1897 927 1991 ἀλλόφυλον
950 1895 1106 1987 οίίμενουν
1129 1892 1286 1966 οὐδέποτε
1308 1900 1352 1986 τῷ

270 2013 357 2092 θείῳ
385 2006 496 2094 σπόρῳ
519 2009 806 2092 συγκαταδέξασα,
833 2007 993 2094 καθαρὰν
1014 2011 1068 2074 καὶ
1089 2002 1267 2091 ἀκίβδηλον
1290 2012 1352 2076 διε·

271 2110 403 2184 σείσατο
422 2113 484 2203 τὴν
503 2113 678 2203 εὐσέβειαν.
698 2106 764 2193 ‘Hc
782 2113 887 2182 πολλὰ
909 2119 969 2201 μὲν
988 2119 1043 2180 καί
1066 2109 1152 2181 ἄλλα
1167 2120 1352 2203 γνωρίσμα.

193 2280 196 2288 ,
227 2207 229 2213 ⁴
270 2249 324 2305 τα,
347 2213 425 2304 dvi]
444 2219 537 2314 φήμη
555 2223 617 2304 τὰς
631 2219 790 2316 οίεμορμάς
807 2218 1033 2310 λαμβάνουσα,
1054 2221 1209 2311 λαμπρὸν
1226 2220 1264 2292 τὸ
1280 2231 1352 2316 περὶ

271 2331 375 2414 αὐτῆς
393 2327 565 2416 ἐκήρυττεν
587 2329 711 2419 ὄνομα·
746 2327 784 2400 ἓν
806 2336 840 2402 δὲ
862 2333 960 2400 τοῦτο
981 2337 1112 2420 πρῶτον
1134 2335 1189 2398 καλ
1211 2327 1352 2404 ἰδιαίτα-

271 2465 347 2518 τον,
378 2436 415 2506 τὸ
443 2437 684 2524 ὀρθὸδοξον
711 2439 816 2527 αὐτὴν
844 2428 900 2508 καὶ
927 2437 1010 2506 εἶναι
1037 2441 1092 2506 καί
1113 2434 1353 2528 ὀνομάζεσθαι,

218 2552 327 2622 23καλ
348 2551 444 2612 τοῦτο
462 2551 588 2632 μᾶλλον
608 2545 691 2635 ἥπερ
712 2561 779 2625 τοῖς
800 2545 910 2626 ἄλλοις
930 2541 1166 2633 σεμνύνεσθαι.
1198 2565 1209 2624 n
1237 2549 1353 2618 Ηετιιοι

270 2653 394 2718 lendum
415 2654 503 2719 tertia
524 2655 644 2738 qnando
665 2652 782 2718 civitati
801 2667 922 2750 nostiae
938 2652 1090 2738 obtigerit,
1111 2675 1169 2739 ego
1186 2668 1219 2717 nt
1236 2657 1353 2722 nescite

269 2756 401 2843 ingenue
424 2760 539 2839 fateor,
559 2756 601 2824 ita
622 2757 804 2824 Michaelent
821 2756 1022 2844 'quoienioos
1042 2755 1151 2840 minor,
1172 2759 1277 2844 quiin
1299 2784 1352 2826 sno

267 2863 521 2949 metropolitarum
537 2861 852 2929 Thessalonicensittm
872 2864 1011 2948 catalogo
1028 2861 1178 2944 (Orientis
1190 2863 1350 2930 christiani

269 2981 354 3054 parte
367 2969 409 3033 ll.
431 2989 461 3052 p.
474 2967 624 3048 tea-66.)
637 2985 755 3056 practer
769 2966 830 3033 elia
845 2966 931 3032 illane
947 2988 1066 3052 qnoque
1081 2981 1182 3036 notens
1199 2968 1260 3034 sibi
1278 2992 1351 3034 oon·

266 3071 381 3153 tinxit,
411 3072 492 3156 quod
509 3071 568 3136 hoc
582 3072 776 3138 (ismeniatae
790 3071 1013 3155 testimonium,
1034 3073 1066 3139 in
1083 3071 1350 3138 Thessalonicensi

267 3176 396 3242 historie
421 3163 533 3242 neaniai
561 3177 870 3264 praetermittendam,
899 3201 938 3243 ne
963 3177 1059 3262 digito
1086 3177 1206 3264 quidem
1234 3176 1348 3261 attigit.

266 3280 385 3360 Throni
400 3281 606 3368 ecclesiaeque
620 3269 901 3348 Thessalonicensis
913 3303 1053 3366 magnum
1072 3281 1190 3367 quidem
1205 3281 1351 3348 honorent

267 3406 386 3470 semper
413 3384 526 3466 fuisse,
552 3387 633 3473 apud
654 3409 758 3454 onnes
777 3386 927 3453 doctiores
947 3386 1023 3452 satis
1043 3401 1176 3469 constet,
1202 3387 1290 3472 cujus
1312 3385 1354 3451 rei

267 3492 444 3557 documenta
466 3493 613 3576 quaedam
634 3490 800 3578 singularia
819 3491 850 3557 in
875 3504 961 3579 poste
980 3492 1200 3558 dissertationis
1217 3512 1353 3575 geogra-

267 3587 358 3696 phico
373 3595 499 3686 exhibui
511 3601 560 3684 (ρ.
572 3596 613 3664 dd
624 3635 641 3644 -
652 3598 740 3678 98.):
761 3596 852 3664 velint
868 3613 968 3664 tamen
985 3598 1023 3662 ab
1040 3596 1110 3661 aliis
1127 3592 1260 3676 edoceri,
1274 3616 1353 3678 qua·

268 3725 337 3769 narn
363 3701 521 3768 occasione
543 3702 740 3770 honorificato
761 3702 957 3768 orthodoxae
978 3724 1085 3766 nomen
1106 3697 1221 3766 civitati
1240 3698 1282 3764 sit
1303 3698 1353 3764 in-

271 3808 377 3888 ditum,
401 3829 492 3891 aquo
507 3828 535 3874 τ.
551 3806 731 3896 imperatore
753 3829 780 3873 τ.
802 3803 941 3885 οοοοίλίο,
963 3827 1099 3891 quaeque
1114 3805 1193 3876 aliae
1209 3817 1282 3868 sant
1303 3825 1353 3868 en·

270 3909 405 3976 riosionis
425 3908 581 3977 doctrinae
600 3909 803 3997 quaestiones.
817 3951 856 3964 -
877 3911 1016 3976 Secunda
1032 3911 1115 3976 tarbis
1133 3915 1212 3986 ians,
1233 3909 1270 3974 S.
1288 3912 1352 3972 De-

270 4014 369 4082 metrii
387 4014 581 4106 martyrium,
601 4015 729 4086 insenius
747 4037 766 4084 a
781 4013 869 4082 nobis
886 4027 1037 4100 ιεοηειιιτ,
1058 4039 1120 4082 non
1134 4013 1232 4102 ipsius
1246 4009 1352 4079 Sancti
