2846 4770
199 277 213 304 r
497 275 503 280 .

238 345 424 398 LXXXVIII
623 341 931 396 PROLBGOMENA0
1023 384 1024 390 ,
1102 336 1103 339 “

110 507 113 512 “
185 505 226 572 61
238 493 373 574 Slsvica,
392 513 497 579 pacem
517 503 578 556 tum
598 492 741 578 temporis
759 515 825 558 cum
842 493 1079 568 Thessalonicen
1089 493 1209 580 agebat.
1236 494 1318 561 cun

237 623 311 666 vero
332 596 439 663 classis
458 619 475 661 e
495 609 581 682 portu
597 595 862 662 Thessalonicensi
880 597 1023 664 solvisset
1041 604 1120 678 (erat
1137 599 1319 668 robustiori·

236 704 295 768 bus
315 702 447 789 civitatis
466 701 541 767 viris
562 701 700 784 omnique
720 701 795 766 flore
810 702 979 786 juventutis
998 703 1169 790 instructa),
1190 711 1317 790 Drugu·

237 809 364 874 binarum
378 806 529 895 principes
548 803 580 870 id
600 804 710 886 edocti,
731 803 892 888 civitatem,
912 797 1002 892 quam
1021 807 1085 874 lere
1104 809 1247 874 tenebant
1265 810 1318 876 iu-

236 913 361 993 clusam,
383 911 452 976 totis
471 907 589 974 viribus
608 909 742 992 aggredi
756 909 929 977 decernunt.
969 914 1047 976 Eum
1064 911 1096 978 in
1115 913 1206 978 linem
1223 933 1318 1000 para·

236 1018 277 1084 tis
306 1017 422 1083 bellicis
449 1013 673 1095 instrumentis,
702 1010 1017 1100 obsidionemmagnn
1037 1015 1070 1080 vi
1089 1033 1252 1099 renovant,
1285 1030 1319 1084 et

236 1119 426 1207 Drugubitae
446 1120 566 1204 quidem
587 1142 653 1182 oum
673 1115 835 1200 Sagudatis
855 1118 952 1200 terri,
978 1121 1134 1198 Ruucbiui
1148 1143 1239 1204 vero,
1262 1121 1317 1206 qui

235 1224 301 1292 illis
320 1238 518 1306 accesserunt,
540 1222 615 1287 mari
633 1244 686 1307 per
702 1219 826 1303 navigia
842 1237 1044 1293 accesserunt.
1083 1227 1131 1290 No
1147 1225 1316 1314 Strymonii

236 1329 373 1394 sclavini
400 1327 525 1413 reliquis
539 1327 737 1412 jungerentur
759 1325 853 1408 (quod
872 1326 1043 1420 debebant,
1067 1327 1142 1394 inito
1162 1328 1315 1395 cumillis

235 1437 359 1520 pacto),
390 1447 508 1498 cautum
537 1429 594 1495 luit
615 1427 761 1494 beneficio
783 1426 898 1496 divino.
938 1432 1125 1513 Quibusdam
1144 1433 1223 1498 enim
1243 1456 1316 1520 pro-

236 1535 329 1622 digiis
356 1557 375 1602 a
401 1536 477 1606 belli
506 1540 654 1605 societate.
670 1537 806 1608 deterriti
824 1551 905 1604 sunt.
945 1541 993 1602 De
1013 1537 1062 1604 bia
1082 1537 1220 1604 omnibus
1241 1539 1313 1604 vide

235 1642 371 1708 cornelii
391 1644 472 1731 Byei
492 1631 644 1729 Excerpta
665 1666 706 1708 ex
725 1645 792 1708 ΑΛ.
812 1645 870 1711 SS.
882 1643 913 1708 l.
934 1663 961 1710 c.
983 1665 1014 1734 p.
1036 1642 1106 1707 176.
1128 1659 1190 1708 not.
1211 1665 1246 1728 g.

315 1747 446 1812 Barbari
472 1771 538 1813 cum
561 1748 601 1813 ad
621 1769 722 1812 muros
742 1747 946 1832 appulissent,
979 1745 1090 1812 civium
1110 1767 1219 1828 magna
1240 1768 1314 1810 con·

97 1883 99 1896 =
127 1853 131 1860 ’
234 1851 379 1915 stercatio
399 1868 502 1918 secuto
521 1867 578 1935 est,
600 1874 687 1937 quarn
709 1865 806 1914 tamen
827 1854 860 1917 S.
880 1851 1022 1916 Demetrii
1042 1849 1215 1940 prodigiosa
1233 1849 1313 1916 visio
1408 1935 1409 1938 Ἴ

174 1967 185 2033 l
235 1953 352 2020 nrinuit.
394 1959 507 2022 Hostes
526 1955 606 2021 enim
622 1969 689 2042 post
706 1958 816 2020 lectam
833 1978 982 2022 murorum
997 1954 1228 2040 speculationem
1246 1977 1313 2020 cum
1408 1959 1409 2000 ¹

183 2039 188 2056 ⁸
234 2057 452 2146 aliquantisper
480 2059 684 2143 quiescerent,
715 2061 843 2148 Sanctus
870 2059 901 2122 in
928 2081 965 2125 ea
990 2059 1074 2148 urbis
1099 2074 1202 2145 parte,
1232 2081 1311 2143 quae
1408 2057 1409 2070 *

116 2224 121 2228 ,
235 2161 404 2249 simplicem
424 2186 545 2228 murum
564 2163 719 2244 babebat,
735 2148 792 2250 Ἢ)
813 2163 866 2228 ubi
886 2187 983 2250 parva
1003 2164 1131 2250 portella
1151 2177 1227 2244 erat,
1250 2187 1311 2228 non
1408 2221 1409 2248 ,

234 2268 267 2330 in
288 2268 420 2350 somnio,
444 2267 498 2368 spd
518 2290 573 2353 per
591 2266 751 2331 veritatem
772 2268 928 2355 apparuit,
949 2267 1061 2333 cursim
1080 2265 1208 2356 pedibus
1226 2267 1311 2334 ince-
1408 2323 1409 2342 1

233 2372 326 2453 dens,
355 2373 517 2461 chlamyde
537 2373 659 2438 indutus
677 2372 858 2459 virgamque
879 2396 971 2440 manu
990 2373 1109 2455 larena,
1140 2394 1200 2458 qua
1219 2373 1309 2440 Scla·
1408 2353 1409 2374 Χ

230 2473 320 2540 vinos
337 2476 493 2560 quosdam¹
504 2476 549 2541 ibi
568 2476 767 2562 irrumpentes
785 2501 826 2542 ex
845 2479 900 2542 illa
920 2479 1047 2562 portella
1065 2476 1220 2560 exigebat,
1250 2479 1307 2544 ad·

221 2577 312 2640 dito:
340 2583 421 2643 rurale
439 2581 494 2645 bos
513 2581 603 2645 Deus
622 2581 782 2646 adducite
809 2582 923 2646 deinde
941 2605 1001 2664 ego
1019 2583 1097 2666 qnid
1112 2581 1164 2646 bic
1183 2582 1307 2664 ugone?

231 2679 332 2762 Hujus
352 2680 477 2746 visionis
496 2683 669 2770 prodigium
689 2681 807 2748 animos
826 2685 938 2750 civium
961 2684 1048 2751 auxit
1061 2687 1150 2765 (ΛΑ.
1167 2687 1225 2750 SS.
1239 2686 1265 2751 l.
1280 2709 1309 2754 c.

232 2803 300 2870 cap.
320 2785 390 2853 187.
416 2787 517 2870 188.).
565 2789 722 2858 Secutum
739 2785 822 2852 aliud
851 2783 1052 2876 prodigium,
1070 2790 1150 2876 quod
1175 2792 1310 2856 secundo

252 2927 494 2940 *nu-

231 2999 743 3072 priscoquodemepiscopo,aScla-
791 3006 887 3080 aegris
900 3011 1031 3080 maleque
1046 3004 1173 3075 effectisr
1195 3013 1311 3064 noster·
1408 3007 1409 3010 ’

231 3086 307 3142 vinis
327 3094 428 3158 capto,
449 3094 573 3140 marram.
607 3091 635 3140 Is
655 3089 742 3144 homo
791 3109 847 3162 qne
868 3095 981 3164 praesul
1005 3091 1037 3148 in
1064 3091 1228 3164 captivitate
1254 3109 1307 3148 sna

229 3181 357 3242 carnotus,
376 3188 413 3226 ex
428 3170 524 3226 Africa
540 3172 741 3228 Constantino·
789 3176 918 3247 pessime
951 3178 1065 3234 babitus
1094 3178 1195 3233 fuerat.
1240 3177 1308 3234 'l'ali

229 3257 308 3329 potin
325 3255 473 3329 enavigans,
494 3257 576 3324 oprsd
598 3253 742 3314 Graeciae
790 3263 899 3318 homini
933 3269 997 3319 octo
1030 3261 1091 3318 dies
1124 3263 1308 3321 necessariae

196 3337 197 3342 ’
226 3347 371 3422 quarendum
390 3351 491 3414 portes
514 3345 588 3419 (nupt
607 3366 661 3402 που
679 3345 742 3412 τοὺς
789 3363 856 3403 esse
889 3348 1037 3417 ridentur,
1076 3352 1108 3402 ut
1141 3363 1160 3422 ⁰.
1187 3348 1308 3408 Graecia

227 3432 274 3496 circ
287 3427 419 3496 Ἑλλάδος
436 3428 551 3498 πόπους)
571 3451 587 3488 a
604 3435 744 3494 Selavinis
792 3434 930 3508 profugus
955 3435 1103 3505 pedesque
1125 3448 1178 3503 per
1203 3436 1310 3492 barba·

228 3517 407 3591 interceptus
440 3529 494 3576 est.
546 3521 583 3576 ni
617 3521 743 3578 sclavini
791 3537 888 3575 rorum
912 3518 1032 3574 infestas
1056 3514 1191 3590 regiones
1209 3522 1308 3578 Thea·

229 3607 360 3664 Cornelio
389 3611 469 3678 Byeo
493 3608 513 3662 l.
539 3626 565 3662 c.
592 3625 657 3679 pag.
681 3612 741 3665 189.
795 3605 949 3661 salonicam
972 3601 1113 3659 deverriat.
1311 3657 1316 3668 ,

228 3695 376 3748 Dalmatae
393 3691 485 3747 foisse
503 3690 645 3747 videntur.
685 3697 742 3749 Ve·
831 3689 1308 3768 roas.ss.1.c.cop.,187.p.
1408 3727 1409 3744 r

228 3796 293 3834 rnrn
310 3796 327 3834 e
346 3776 487 3834 Dalmatia
504 3777 742 3836 Thessalonicam
792 3778 854 3830 174.
872 3777 998 3832 adduntr
1036 3771 1113 3848 Πρὸς
1131 3775 1161 3849 τῇ
1180 3779 1308 3858 λεγομένῃ

227 3862 331 3920 itinere
347 3862 475 3936 pedestri
493 3861 658 3933 petentibus
677 3875 741 3922 octo
790 3857 890 3936 ἄρκτῳ.
927 3865 1000 3918 Num
1018 3879 1085 3933 pars
1104 3861 1185 3922 mois
1203 3868 1308 3926 borea-

229 3949 341 4008 dierum
353 3950 409 4006 iter
419 3945 470 4006 nix
481 3946 605 4019 scrffecit,
614 3949 740 4010 maxime
790 3952 827 4010 lis
846 3947 1012 4026 spectatur?
1176 3977 1181 3986 ·
1221 3994 1250 4047 s
