2854 4770
113 361 180 456 επ]
310 387 564 446 mammos
591 394 1000 454 τακεεαιοττιοτιιειε,
1119 375 1194 458 379

115 540 155 606 ἐκ
171 543 233 608 τοδ
247 539 531 626 καθωμιλημέναυ
543 538 588 622 είς
602 541 641 613 τό
655 539 876 635 ἀθιιιτότερον
890 526 1194 639 μεθαρμόσασθαι,

116 639 201 726 εἶδες
215 643 260 718 ἀν
279 647 356 726 τοὺς
375 645 501 738 ἀνδρας
520 646 592 720 οὐδ’
609 654 702 739 έγγδς
720 643 875 740 ἥκοντας,
896 657 954 740 τῆς
973 667 1142 744 ποιητικῆς
1158 667 1195 733 δέ

112 751 220 841 μόνον
238 755 296 838 τῆν
313 767 513 846 τραχυτέραν
531 767 787 851 συμφοροῦντας
803 760 963 849 ἀμάξαις,
989 767 1037 858 τῷ
1053 773 1194 840 καταλα·

113 862 225 950 γάδην
244 868 299 930 καί
316 867 499 958 πεζαιτέριμ,
518 870 573 934 καί
594 861 665 943 οἷον
684 868 850 954 ἐπίβλημα
862 869 1043 964 πορφύρας
1055 872 1195 967 φαύλοις
1267 951 1274 966 ,

112 971 383 1060 έπιρῤυίπταντας
397 970 536 1058 ῥάκεσι,
563 978 693 1061 μᾶλλον
718 979 753 1044 δέ
776 980 831 1059 τῆς
852 976 979 1059 ἐθάδας
1004 986 1060 1048 καὶ
1077 975 1194 1066 ’Ἐλλη-

109 1103 174 1159 ,νος
189 1085 381 1167 ῥητορικῆς,
404 1079 546 1170 ἔκφυλόν
565 1108 640 1152 τινα
656 1080 773 1166 σκευὴν
788 1091 1123 1175 μεταμπισχομένονς,
1144 1093 1195 1160 έαί

112 1189 165 1279 τῷ
186 1189 279 1277 σφων
296 1185 405 1256 αὐτῶν
425 1185 484 1258 οόκ
504 1185 696 1280 εόσχῆμονι,
717 1191 761 1270 είς
777 1197 832 1260 καί
853 1191 914 1282 τῆν
929 1185 1096 1284 Περσικῆν
1117 1220 1195 1266 στο-
1305 1244 1311 1264 .

111 1290 176 1378 λῆν
191 1297 251 1382 τῆς
265 1299 495 1384 Μακεδονικῆς
511 1321 596 1389 φασι
612 1296 885 1397 μετενδόοασθαι
898 1298 1192 1391 τόνἈλέξανδρον·

110 1410 174 1480 ἕως
193 1431 211 1470 υ
231 1406 334 1492 πολυς
350 1394 576 1492 τηνγλωτταν
596 1405 791 1486 Εοστάθιος
810 1406 1000 1496 προστάτης
1015 1415 1072 1478 καὶ
1085 1411 1193 1500 σωτῆρ

110 1507 264 1604 ἀνεφάνη
290 1514 349 1595 τῆς
373 1518 486 1602 τέχνης
506 1512 768 1599 κινδυνευούσης,
796 1517 883 1604 εἴπέρ
902 1543 980 1598 ποτε
998 1521 1193 1603 τηνικαῦτα,

111 1619 203 1690 κατά
223 1621 283 1708 τῆν
303 1619 518 1710 Πλατωνικὴν
535 1621 695 1711 διαβολῆν
712 1625 772 1692 τοῦ
785 1627 887 1715 χοροῦ
904 1627 970 1694 τῶν
986 1627 1105 1714 τεχνῶν
1122 1631 1193 1696 δια-

114 1725 332 1821 γράφεσθαι,
369 1735 425 1798 καὶ
450 1735 533 1819 μηδέ
560 1723 729 1802 πολιτικοῦ
755 1758 842 1810 τινος
870 1737 1051 1802 καλεῖσθαι
1076 1739 1192 1823 μορίου

113 1839 255 1906 εἴδωλον.
306 1835 352 1906 Οὐ
372 1836 437 1928 γάρ
458 1836 618 1928 πρότερον
635 1835 755 1926 ἀνῆκεν
774 1847 975 1932 ἐπιστρέφων
994 1844 1049 1910 καὶ
1069 1844 1193 1931 μεταρ-

112 1946 286 2034 ῥυθμίζων
306 1947 422 2032 (ταῦτα
435 1953 507 2033 μέν,
523 1941 572 2026 οἷς
585 1948 794 2034 ἐθεμίστευεν
807 1945 875 2016 ἀπό
889 1955 1040 2035 τεχνικῶν
1051 1944 1192 2032 ἀξόνων·

114 2059 214 2120 τοῦτο
235 2057 286 2131 δέ,
308 2047 357 2132 οἷς
377 2055 633 2137 έπεστημανικῶς
650 2055 830 2136 ἐξεπονεῖτο,
844 2054 925 2145 πρός
942 2053 984 2122 ταί
1003 2057 1059 2137 τῆς
1076 2061 1191 2144 τέχνης
1309 2145 1312 2153 V

116 2157 317 2248 ἀρχέτυπα),
345 2163 408 2240 ἕως
424 2157 500 2240 τούς
522 2155 625 2240 οίίτως
651 2157 782 2240 ἀτόπως
799 2165 1085 2248 ἐκτετοπισμένους
1104 2187 1189 2250 σνμ·

117 2268 234 2362 φύλων,
256 2265 366 2355 νόμων
386 2271 559 2357 ῥητορικῆς
582 2267 755 2355 ἐπανάγων
777 2269 863 2336 κατά
878 2267 1009 2370 βραχό,
1045 2267 1127 2357 πρὸς
1145 2268 1188 2340 τὰ
1209 2290 1235 2353 J

115 2379 174 2464 τῆς
201 2378 315 2464 τέχνης
344 2379 498 2444 τελευταῖν
529 2372 696 2462 κατήγαγε
729 2375 865 2466 πάτρια.
906 2374 980 2446 ’Λτε
1011 2381 1067 2443 καί
1098 2370 1192 2448 οὗτοι

116 2487 285 2562 ποιοῦντες
309 2473 343 2553 εὖ
365 2481 636 2564 ἐνεκαλύπτοντο,
661 2478 813 2569 Ιπαρόσον
832 2480 877 2552 τό
893 2490 955 2570 μέν
968 2482 1043 2551 κατ’
1069 2481 1191 2566 αὐτοδς

116 2606 151 2666 εκ
171 2600 388 2681 παραθέσεως
408 2595 632 2676 ἐξασθενοῦντα
651 2588 694 2670 ὦς
710 2592 796 2680 ὕδωρ
814 2587 884 2679 εἰκῆ
901 2589 1191 2679 διαπορευόμενον·

114 2703 160 2776 τό
189 2701 219 2772 δ’
244 2699 441 2770 Εὐσταθίον
466 2698 809 2796 όπερεθανμάζοντο,“
824 2699 867 2778 ἀς
892 2699 1033 2788 ἀτεχνῶς
1060 2696 1191 2770 έοικότα

112 2814 248 2904 χρυσίου
262 2811 408 2896 ποταμῷ,
417 2815 525 2899 ῥέοντι
540 2817 594 2878 καί
607 2810 770 2896 ῥοιζοῦντι
787 2803 820 2876 δ’
832 2847 875 2862 -
885 2803 928 2876 ἀν
941 2809 1105 2878 εἴποιεν-
1121 2808 1189 2900 ἀπὸ

115 2925 176 2991 τοῦ
187 2915 339 3005 Λιβάνου
354 2918 440 2986 κατά
454 2919 492 2988 τὸ
507 2914 762 3005 Σολομιόντείαν
776 2911 868 3006 ἆσμα
874 2969 883 3001 ,
906 2910 980 2987 ὅσοι
998 2920 1037 2987 τό
1052 2925 1191 3006 ῥεῖθρον
1238 3009 1240 3017 J

101 3037 181 3099 ’τῶν
198 3029 255 3098 τοῦ
269 3023 389 3116 ἀνδρὸς
402 3024 509 3111 λόγων
530 3021 572 3103 ἀς
588 3023 632 3104 εἰς
651 3026 761 3110 πηγῆν
778 3021 967 3112 ἀρχέγονον,
984 3025 1043 3094 τόν
1062 3031 1190 3096 ἐκεῖθεν

116 3137 349 3220 ὲαωνναοῦντα
369 3139 424 3201 καί
447 3121 565 3221 ῥέοντα
581 3133 756 3220 σοφιστὴν,
774 3129 1008 3222 ἀναφέρουσιν,
1021 3133 1080 3200 οὐκ
1096 3133 1190 3221 ἀκρι-

115 3250 182 3336 βῶς
203 3235 297 3330 οἶμαι
320 3243 590 3334 φυλοκρινοῦυτες
611 3239 669 3308 τόν
689 3240 796 3327 ἀνδρα
816 3244 871 3308 καί
891 3243 1192 3322 διακωδωνίζαντες.
1220 3319 1233 3338 .

117 3353 164 3428 Οὐ
185 3352 261 3445 γάρ,
282 3353 390 3440 ὥσπερ
411 3354 444 3418 αἱ
463 3345 650 3430 Μακεδόνες
670 3357 703 3417 έν
723 3351 769 3436 τιρ
782 3346 963 3441 Ἠπειρώτῃ
981 3344 1106 3438 Πύῤῥιμ
1126 3375 1193 3430 μα-

112 3470 241 3555 χομένῳ
262 3464 391 3546 βλέπειν
413 3455 517 3546 ῆίοντο
540 3454 622 3552 ὅφιν
645 3461 700 3526 καὶ
721 3454 821 3545 τάχος
837 3452 1049 3539 Ἀλεξάνδρον
1069 3462 1125 3524 καί
1144 3454 1193 3522 κί-

112 3597 205 3658 νημα
225 3573 280 3638 καί
301 3570 359 3651 τῆς
379 3565 470 3654 παρὰ
494 3563 569 3645 ταός
591 3562 723 3648 ἀγῶνας
742 3567 851 3658 φοράς
875 3569 994 3634 ἐκείνου
1013 3559 1114 3646 ,σκιάς
1134 3566 1191 3630 καλ

112 3677 305 3770 μιμήματα,
339 3673 422 3744 οὕτω
444 3678 499 3744 καὶ
518 3683 552 3742 έν
572 3679 619 3760 τῷ
638 3672 823 3758 Εὐσταθίρι
842 3676 1107 3762 λογογραφαῦυτι
1128 3678 1192 3738 τῶν

112 3795 164 3858 έπί
186 3785 297 3873 λόγοις
316 3784 577 3870 ὀνομασθέντων
603 3787 673 3860 έυὸς
694 3777 887 3850 οὑτινοσοῦν
904 3786 1099 3868 χαρακτῆρα
1121 3783 1190 3858 τοῖς

111 3895 294 3984 ἀκροαταῖς
314 3891 415 3960 ἐποίει
435 3887 686 3982 φαντάζεσθαι·
709 3883 793 3954 ἀλλά
812 3892 894 3974 μίαν
909 3895 971 3975 μὲν
988 3883 1079 3954 ἰδέαν
1095 3881 1189 3979 ὁρᾷν,

108 4003 268 4085 ἁπάντων
299 4005 334 4072 δέ
364 4006 547 4091 κρατίστων
581 3999 830 4086 έκμεμαγαένηυ
864 3991 906 4090 τό
940 3991 1102 4088 κράτιστα
1134 3996 1191 4068 καί
