2834 4772
64 481 134 577 επ]
268 479 525 557 τσεεεειιισε
549 501 951 556 τειιεεεειοιιιοειιειε.
1075 459 1151 558 38⁰

61 657 108 755 τῆ
134 651 264 742 ποιῆσει
288 652 462 723 καθεύδων
490 651 535 735 ἐἷς
561 653 622 739 τὴν
649 659 860 741 ένεγκαμίνην
886 655 991 741 νῆσον
1019 656 1118 740 κομίζ
1130 695 1145 711 -

70 791 138 836 ται.
179 758 282 830 Κατὰ
302 757 369 849 γάρ
388 761 448 832 τὸν
466 766 649 835 θεσπέσιον
661 759 782 850 Ἰακώβ
794 757 836 840 ὡς
850 767 1061 842 κατέπαυσας
1080 767 1151 831 έπι-

68 874 203 942 τάσσων
223 881 292 950 τοῖς
312 866 399 938 κατά
422 879 550 958 πνεῦμα
572 875 654 950 υίοίς
674 894 742 953 σου,
765 866 884 957 έξάρας
900 873 950 938 έπλ
966 876 1025 954 τὴν
1040 871 1151 954 κλίνην

69 981 149 1061 τοὺς
175 977 280 1058 πόδας
305 979 462 1061 έξέλιπες·
497 973 552 1050 ότε
572 985 628 1049 καί
650 973 753 1069 ίίπαρ,
784 974 842 1047 οὐκ
862 975 959 1069 όναρ,
989 977 1068 1048 κατ’
1081 979 1150 1081 αὐ·

68 1088 130 1161 τόν
151 1084 268 1176 ἑώρας,
297 1084 336 1156 δν
357 1087 458 1167 αὐτὸς
478 1087 597 1159 ἑαυτὸν
618 1090 888 1177 διεβαθμίδιρσας
908 1092 1070 1175 κλίμακα·
1104 1087 1150 1164 ὠς

67 1200 209 1290 κρηπίδα
237 1199 296 1283 μὲν
323 1195 506 1284 βαλόμενος
537 1197 763 1284 πολιτευτικῆν
788 1194 1072 1285 μετριοπάθειαν,
1108 1193 1149 1289 τῇ

67 1313 104 1378 δέ
123 1309 364 1396 μετριοπαθείηι
384 1303 445 1394 τῆν
464 1307 676 1396 καθαρτικῆν
696 1303 1040 1394 ἐποικοδομησάμενος
1059 1301 1150 1372 ἀποί-

12 1497 17 1502 ,
69 1422 189 1495 θειαν,
220 1416 284 1482 έπλ·
300 1417 335 1482 δέ
361 1415 403 1509 τῆ
429 1413 584 1508 ἀπαθείᾳ
609 1413 669 1504 τῆν
688 1414 807 1503 νοεράν
827 1417 1010 1500 ένέργειαν,
1041 1417 1091 1480 ἐπὶ
1113 1413 1149 1478 δέ

67 1527 109 1618 τῆ
129 1529 229 1615 νοερᾷ
247 1523 391 1614 ένεργείρι
412 1521 472 1610 τῆν
496 1526 548 1595 ἐπὶ
570 1529 652 1593 πᾶσι
667 1521 809 1613 βάθραν
824 1525 883 1610 τῆς
898 1520 1066 1600 θεώσεως·
1087 1513 1145 1611 ἐφ’
1263 1533 1267 1535 ’

64 1631 181 1722 ἦνκαὶ
202 1627 335 1716 ἄγγελοι
356 1625 488 1710 πάντως
508 1632 689 1717 ἀνέβαινον
708 1637 764 1700 καί
782 1637 993 1717 κατέβαινον,
1014 1625 1148 1699 ὁδοποι-

65 1744 178 1819 οῦντές
205 1762 260 1806 σοι
286 1738 347 1825 τῆν
374 1733 495 1808 ἄνοδον
523 1746 577 1808 καί
600 1740 847 1830 προπέμποντες
869 1736 1006 1808 ἀνιόντα
1028 1739 1066 1822 ἐκ
1085 1739 1148 1820 μέν
1181 1800 1183 1806 ,

66 1848 346 1934 συναγελαστικοῦ
373 1851 430 1915 καί
456 1853 638 1917 σπουδαίου
667 1844 789 1936 ἀνδρὸς
814 1844 859 1925 εἰς
882 1837 1029 1934 θεωρίαν
1050 1868 1147 1912 κεκα·

63 1962 249 2046 θαρμένον,
270 1963 305 2023 έκ
326 1959 362 2023 δὲ
383 1957 558 2044 θεωρητοιί
577 1955 660 2044 πρὸς
680 1955 803 2046 νοερὸν,
824 1963 857 2024 ἐκ
877 1961 911 2025 δὲ
930 1955 1046 2043 νοεροῦ
1063 1950 1146 2039 πρὸς

62 2065 158 2137 θεόν.
206 2058 297 2132 Οίίτω
322 2068 378 2131 καί
402 2059 423 2151 ῆ
446 2065 537 2132 κατοί
564 2072 601 2132 σέ
626 2067 745 2151 κλίμαξ
769 2062 940 2152 ἐστήρικτο
966 2069 1027 2149 μέν
1048 2062 1084 2128 έν
1104 2058 1144 2153 τῆ

43 2173 126 2268 -γῇ,
153 2174 213 2255 τὴν
239 2175 273 2240 δέ
295 2171 442 2264 κεφαλὴν
462 2164 546 2261 εἶχεν
566 2169 813 2264 ἀφικνουμένην
834 2169 878 2252 εἰς
896 2168 1057 2259 οὐρανὸν,
1086 2164 1141 2259 ἐφ’

61 2275 105 2372 ῆς
131 2284 185 2349 καί
213 2273 231 2346 ό
260 2278 370 2368 κύριος
405 2277 634 2369 έπεστῆρικεο,
672 2277 717 2359 εἰς
746 2277 784 2348 δν
811 2275 960 2368 ἀνῆλθες
988 2277 1021 2359 ἐξ
1048 2273 1143 2363 ἡμῶν
1177 2337 1178 2344 ,
1254 2335 1259 2340 r

62 2393 131 2460 τῶν
147 2391 254 2479 χαμαὶ
273 2373 455 2478 ἐρχομένων
475 2389 533 2457 διά
556 2395 613 2472 τῆς
634 2385 808 2476 ἀναγωγῆς
829 2387 952 2473 ταύτης
971 2389 1146 2473 κλίμακος,
1181 2442 1183 2450 ,

62 2496 147 2579 θεὸς
175 2493 323 2584 ἀγγέλοις
351 2505 504 2566 κατιοῦσι
540 2501 595 2565 καὶ
626 2499 817 2567 συνανιοῡσι
844 2493 1144 2589 δορυφορούμενος.

56 2601 188 2696 ”Εχοιμ’
210 2602 252 2672 ἀν
271 2608 395 2690 λέγειν,
416 2611 472 2674 καί
492 2600 535 2684 ὡς
555 2604 777 2685 ἀποσεολικῶς
800 2605 859 2675 τὸν
879 2605 1005 2696 δρόμον
1025 2606 1147 2672 τετέλε-

63 2743 135 2795 κας.
173 2712 298 2800 Ἀμέλει
318 2739 371 2781 τοι
390 2718 445 2781 καὶ
467 2709 509 2792 ὡς
531 2715 566 2780 έν
585 2715 728 2808 φυλακῇ,
752 2716 800 2802 τῷ
819 2716 882 2802 βίφ
903 2716 1002 2800 τῷδε,
1030 2715 1086 2779 καί
1105 2705 1147 2778 σίν
1216 2747 1219 2751 ’

63 2821 169 2893 κατὰ*
184 2819 243 2890 τὸν
275 2828 459 2914 κορυφαῖον
485 2826 620 2912 Πέτρον
647 2821 865 2912 τηρούμενος,
898 2827 1025 2892 εδέδεσο
1054 2821 1148 2888 δυσίν

61 2929 237 3010 ἀλύσεσιν,
265 2920 357 3014 ἱίπνῳ
378 2933 434 2997 καί
455 2930 565 3023 δεσμῷ
585 2932 748 3021 φυσικηί“
772 2927 846 3002 ἀλλ’
870 2933 988 3013 ἐπέστη
1011 2954 1065 2999 σοι
1084 2925 1147 3013 ἀγ-

59 3043 158 3129 γελος
172 3024 309 3125 κυρίου,
336 3031 379 3114 ὡς
406 3039 514 3130 ἐκείνῳ
540 3045 672 3126 κειμένῳ
698 3038 830 3123 νυκτὸς,
860 3042 915 3132 καί
943 3040 1145 3126 παραχρῆμα

61 3151 213 3232 ἐξέπεσον
244 3141 312 3212 ἀπό
345 3145 407 3212 σοῦ
440 3148 477 3211 αἱ
512 3139 643 3225 άλὺσεις
678 3138 795 3226 αὗται,
828 3149 884 3214 καὶ
912 3149 969 3229 τῆς
998 3146 1147 3238 φυλακῆς

60 3251 164 3350 ε’ξῆεις
175 3250 299 3334 ἀδετσς,
311 3256 367 3320 καί
380 3247 578 3335 ἦκολοιίθεις
591 3250 696 3340 τούτῳ
709 3255 963 3342 φυχαγωγοῦντί
983 3278 1030 3322 σε.
1049 3250 1144 3340 Τάχα

58 3387 128 3434 που
149 3364 206 3429 καὶ
225 3352 337 3448 δραμα
356 3354 435 3426 κατ’
458 3365 579 3428 ἐκεῖνον
599 3357 719 3441 ἐδόκεις
737 3366 869 3448 βλέπειν
891 3357 1096 3452 ἀμφιγνοῶν,
1119 3368 1146 3427 εὶ
1194 3423 1196 3428 ,

58 3464 197 3556 άληθῆς
224 3470 293 3534 έστι
321 3463 360 3536 τό
387 3464 433 3536 δι’
460 3467 564 3537 αὐτοῦ
591 3465 783 3556 γινόμενον·
812 3473 886 3553 ἕως,
914 3471 973 3558 τῆς
1004 3474 1145 3556 σιδηρᾶς

58 3577 170 3662 πόλης
198 3571 394 3663 αὐτομάτως
421 3576 635 3664 ἀνοιχθείσης
660 3602 730 3661 σοι,
761 3579 818 3666 τῆς
838 3565 1003 3670 φερούσης
1023 3575 1067 3656 είς
1086 3575 1147 3661 τῆν

56 3685 140 3764 τοὺς
157 3683 490 3771 θεμελίους-ἔχουσαν
510 3681 622 3768 πόλιν,
651 3687 788 3774 ἐξῆλθες
805 3683 925 3767 όντως,
953 3691 1008 3755 καὶ
1029 3685 1147 3776 σαφῶς

55 3793 166 3880 ἔγνως
173 3844 183 3877 ,
210 3784 261 3861 ότι
281 3789 420 3875 ἀληθῶς
441 3792 644 3874 ἐξαπέστειλε
661 3790 771 3884 κύριος
792 3791 852 3864 τὸν
873 3791 1014 3881 ἀγγελσν
1034 3788 1147 3879 αὐτοί,

55 3905 116 3972 καὶ
149 3897 283 3984 ε’ξείλετό
316 3922 353 3966 σε
388 3905 423 3965 έκ
453 3907 513 3967 τοῦ
542 3897 694 3990 σώματος
729 3903 790 3970 τοῦ
825 3901 983 3971 θανάτου
1019 3887 1159 3970 τοόεουν

56 4017 206 4081 Μᾶλλον
232 4015 266 4078 δέ
286 4006 304 4080 ὁ
325 4006 438 4096 κύριος
461 4005 561 4087 αὐτὸς
584 4015 683 4093 μέσης
706 4010 824 4089 νυκτός
845 4008 972 4092 έλθοίν,
1005 4012 1148 4096 ἐγρηγο-

53 4115 146 4208 ρότα
169 4143 206 4188 σε
227 4115 290 4187 ἀπὸ
310 4116 417 4212 λίχνιρ
438 4118 628 4207 διακρίσεως
649 4121 831 4207 καιομένῳ,
870 4124 928 4188 καὶ
950 4115 1149 4214 σωφροσύνη
1260 4125 1262 4130 ’
