2844 4772
81 393 147 485 m}
280 413 962 471 τυετιττιιυετωτεεειουιοτευειε.
1085 404 1161 481 429

80 595 147 658 τωρ
168 569 220 636 ἐπὶ
240 571 309 635 πᾶν
323 565 455 666 όθνος,
496 558 583 636 ούτω
602 569 657 632 καί
678 565 696 633 ὁ
716 567 951 656 κατηχητήριος
971 578 1089 656 ἐκεῖνος
1108 583 1162 650 ίιιὶ

79 681 211 760 πάντας
236 677 370 763 λόγους,
402 671 453 756 οἷς
480 677 727 760 άπονενὲμηται.
771 669 855 761 Ἕγιδ
883 681 938 744 καί
964 676 1007 760 ιύς
1034 683 1161 776 κόσμον

81 789 185 860 αὐτόν
212 785 378 875 ἐθεώρουν
408 787 584 872 βασιλικοῦ
611 779 834 868 διαδήματος,
878 779 976 875 οὗπερ
1006 791 1065 860 οὐκ
1092 797 1160 866 ἔστι

84 903 219 970 θέσθαι
244 901 382 982 τίμημα.
418 891 656 987 Ἐηωσηόρουν
679 898 713 974 ἐν
735 894 827 988 αὐτῷ
848 899 881 964 οἱ
901 903 973 985 περὶ
993 908 1050 982 τῆς
1068 900 1162 990 ιίρχι.

83 1003 199 1103 φῶτου
221 1000 354 1092 τριάδος
374 1001 468 1088 λόγοι
490 1005 532 1082 ὥς
553 1003 714 1071 διάλευκον
735 1003 915 1091 μάργαροι.
961 1002 1163 1096 Ἐξὲλαμπον

86 1113 131 1195 ὡς
153 1117 197 1194 τίς
218 1109 422 1198 πυραύγειαν
443 1109 617 1200 άνθρακος
639 1112 680 1178 τά
696 1119 754 1196 τῆς
775 1113 873 1191 θείας
892 1113 1065 1200 τοῦλόγου
1082 1143 1165 1210 σαρ.

80 1222 224 1303 τάσεως,
246 1218 285 1290 ὃν
304 1221 429 1308 τρόπον
447 1225 555 1307 ἕτερον
576 1225 631 1289 καί
649 1221 792 1298 Ἠσαίας
812 1218 972 1309 ἄνθρακα
992 1224 1167 1314 ἐθεώρησε.

88 1335 139 1402 Τό
166 1333 200 1399 ίν
227 1326 333 1418 βάθει
361 1331 424 1396 τῶν
449 1329 623 1418 νοημάτων
644 1333 803 1422 διαφανὲς
826 1328 869 1407 ὡς
890 1333 1040 1418 λυχνίτης
1061 1330 1165 1418 ὑμηύ.

81 1446 200 1532 γαζεν,
229 1435 266 1519 ὃς
295 1437 360 1506 οἶδε
385 1447 614 1527 κατεπιχειρεῐν
642 1440 700 1525 τῆς
729 1435 861 1519 νυκτός,
891 1443 1099 1525 πυρεκβολῶν
1127 1451 1162 1512 ἐκ

83 1549 224 1641 βάθους
250 1547 311 1635 την
341 1549 586 1640 ᾳωτοιμάνειαν.
628 1545 851 1634 Ἐταπείυους,
880 1553 1043 1634 βασιλέων
1069 1545 1166 1640 ύπέρ-

85 1687 184 1742 τατε,
208 1654 363 1738 σεαυτόν,
384 1664 438 1726 καὶ
463 1657 546 1726 οὕτω
568 1653 605 1726 τό
624 1656 684 1726 σὸν
703 1657 846 1742 ὕψιστον
866 1664 909 1735 είς
930 1661 988 1725 ἕνα
1005 1661 1067 1724 τῶν
1086 1664 1166 1728 πολ-

85 1771 154 1837 λῶν
171 1767 393 1851 κατεβίβαζες·
415 1771 468 1833 καί
487 1753 528 1851 ἦν
547 1771 643 1832 τοῦτο
665 1769 699 1832 δὲ
715 1775 836 1852 χρυσία
855 1765 1044 1850 στιλβηδών,
1066 1769 1166 1856 ὡραΐ-

86 1883 192 1961 ζουσα
215 1869 260 1940 τό
274 1870 428 1958 διάδημα.
461 1875 530 1940 Καὶ
556 1872 620 1959 γάρ
646 1899 697 1940 τοι
720 1879 775 1939 καὶ
805 1869 823 1940 ὁ
842 1872 964 1963 χρυσὸς
986 1878 1075 1943 θέλει
1094 1883 1166 1963 μὲν,

86 1989 179 2070 εἴπερ
204 2007 252 2060 τις
277 1983 367 2068 ἑτέρα
393 1988 456 2048 τῶν
482 1982 597 2066 τιμίων
623 1978 722 2060 ὑλῶν,
752 1979 841 2049 κάτω
868 1989 1050 2076 φέρεσθαι·
1083 1983 1167 2053 άνα-

86 2095 212 2179 στίλβει
238 2093 271 2156 δὲ
296 2089 384 2174 ὅμως
412 2087 455 2168 εἰς
480 2088 541 2175 τὴν
563 2086 649 2175 άγαν
670 2087 897 2177 λαμπρότητα.
944 2085 987 2157 Ὦ
1008 2092 1166 2178 γλυκύτης

86 2207 227 2292 ὁμιλίας.
248 2189 291 2264 Ὦ
313 2200 451 2275 πλοῦτος
473 2195 707 2283 ἐπιχειρήσεων.
730 2193 774 2264 Ὦ
790 2197 966 2284 νοημάτων
978 2203 1099 2286 βυθὸς,
1119 2230 1169 2271 τι-

86 2314 242 2396 θεμένων
268 2302 405 2385 σκότους
431 2306 630 2397 οίποκρυηίγυ
655 2313 701 2392 τῷ
720 2305 908 2398 βαθυτάτην
932 2312 988 2395 τῆς
1010 2308 1167 2394 γνώσεως.

79 2410 130 2490 Ὦ
153 2417 309 2508 ῥημάτων
332 2423 415 2506 φῶς,
443 2416 618 2500 διαυγάζον
638 2413 675 2482 τό
693 2415 807 2501 βάθος
835 2418 897 2481 τῶν
916 2420 1101 2502 νοουμένων
1120 2422 1168 2504 τρῖ

87 2525 221 2621 ἦλιώδει
244 2508 487 2613 τῆςιιγράσεως.
510 2511 555 2590 Ὦ
579 2525 712 2609 γλῶσσα
737 2528 852 2611 πυρίυη
877 2524 1075 2610 πνεύματος,
1106 2552 1168 2614 με·

13 2639 20 2646 *
89 2640 242 2729 ριζομὲνη
261 2639 321 2720 μέν
342 2635 508 2711 ποικίλως,
541 2630 692 2709 ἑκάσταις
716 2634 750 2697 δὲ
774 2639 896 2722 ψυχαῖς
916 2633 1000 2700 καθ’
1024 2630 1167 2718 όλὸτητα

89 2741 353 2838 λυαρμόττουσα,
380 2739 469 2806 ἔνθα
491 2744 543 2806 καὶ
564 2743 659 2807 πλέον
685 2744 785 2808 ἔκειτο
810 2739 847 2806 τό
871 2741 989 2822 ξενίζον
1009 2749 1067 2822 τοῦ
1084 2741 1170 2832 πρά-

89 2880 237 2946 γματος,
259 2853 312 2917 καί
333 2850 428 2915 πλείω
454 2846 495 2914 τά
519 2853 579 2914 τοῦ
602 2849 780 2932 θαύματος
805 2849 860 2916 διά
881 2848 942 2934 τὴν
963 2847 1170 2940 ι’διοτροπίαν

89 2966 153 3035 τοῦ
182 2957 360 3048 κράματος.
410 2955 456 3024 Ού
479 2947 549 3043 Ιγάρ
584 2967 650 3033 τοῖς
685 2962 757 3044 περί
786 2954 903 3043 λόγους
931 2966 992 3047 μὲν
1024 2955 1043 3028 ὁ
1073 2959 1171 3045 λόγος

90 3083 212 3149 ἐκεῖνος
233 3055 275 3150 ἦν
298 3059 503 3155 τύπρόσιτος,
537 3065 666 3146 ἐξίκλειε
690 3066 724 3128 δὲ
747 3063 805 3142 τὴν
829 3063 1021 3154 ι’δικωτέραν
1046 3066 1172 3152 άκρόα·

93 3169 175 3250 σινῖ
201 3167 244 3244 ού
266 3172 366 3243 πάλιν
387 3174 549 3263 ἐφείλκετο
571 3168 712 3246 ιιίντόν
732 3167 955 3258 ἁπλούστερον
977 3173 1172 3258 ἄνθρωπον,

95 3285 115 3360 ό
144 3287 178 3356 δὲ
203 3287 262 3354 τού
287 3281 387 3368 λόγου
413 3276 574 3371 τρόφιμος
601 3283 702 3362 μηδὲν
730 3282 859 3346 ἐκεῖθεν
882 3279 963 3368 ἔχων
989 3279 1169 3368 ἆπὴρχετο·

98 3393 176 3467 ούδί
197 3391 236 3462 τό
254 3396 314 3479 μέν
333 3416 364 3459 τι
384 3390 443 3456 τοῦ
461 3385 560 3472 λόγου
579 3386 706 3466 τούτοις
726 3395 769 3467 είς
786 3386 915 3480 όηελος,
937 3387 975 3458 τό
993 3387 1028 3472 δ’Ι
1044 3398 1175 3472 ἐκείνοις

97 3506 316 3592 άπεμερίζετο.
360 3496 459 3567 Ἀλλά
481 3501 535 3565 καὶ
558 3494 596 3563 τό
620 3494 725 3564 καλόν
748 3495 915 3582 ὁμοτίμως
936 3502 1033 3566 παντὶ
1055 3507 1102 3592 τῷ
1120 3495 1176 3566 λό·

98 3639 149 3700 γρι
172 3613 343 3696 ίνὲλαμπε,
376 3613 431 3675 καλ
460 3601 550 3684 άπας
576 3599 782 3688 άκροωιιενος
809 3598 888 3674 όλου
914 3594 955 3693 ἦν
979 3615 1038 3674 τοῦ
1060 3609 1176 3674 καλοῦ.

95 3717 236 3809 ’Ἔχοιιεν
264 3723 372 3783 τοίνυν
393 3713 448 3783 διά
471 3721 577 3782 ταῦτα
600 3708 781 3798 ὑπόδειγμα
807 3719 861 3782 καὶ
889 3717 984 3782 τούτο
1008 3712 1179 3802 κράματος

103 3825 197 3896 ι’δεων
230 3822 529 3906 δυσκατεργάστου,
564 3824 844 3906 τεθρυλλουμὲνου
875 3837 944 3900 τοῖς
973 3822 1180 3916 γράφουσιν,

105 3929 186 4020 όπερ
211 3935 280 4001 ἔστι
309 3929 347 4000 τὸ
372 3935 568 4015 συναγαγεῖν
591 3925 634 4006 είς
658 3923 696 3995 ἓν
722 3929 897 4015 νοημάτων
920 3927 1101 4016 σεμνότητα
1126 3935 1182 3997 καλ

106 4039 307 4124 λεπτότητα,
335 4043 392 4110 καλ
417 4041 465 4126 τῷ
492 4041 551 4105 τοῦ
576 4035 674 4123 λόγου
701 4034 860 4128 ἐξάρματι
882 4041 1097 4127 ἐγκαταμίξαι
1121 4035 1182 4118 τάς
