2846 4770
444 415 751 470 PROLE'UOMENA·
989 417 1148 472 Lxxxrrr

81 576 158 630 extre
184 561 290 628 urbem
315 561 416 649 posits
434 586 501 628 curn
520 561 672 630 suburbiis
692 562 872 647 combussit,
900 565 1003 634 addita
1024 569 1149 636 cummi·
1178 645 1181 652 Ι

79 669 209 751 natione,
239 691 274 734 se
293 692 352 734 non
373 669 540 753 abiturum,
569 669 624 734 sed
649 668 726 734 alies
754 668 960 756 plurimusque
983 688 1091 758 gentes
1115 675 1149 740 in

79 773 218 840 auxilium
239 787 423 838 voceturuur.
456 777 611 839 Postremo
626 772 932 854 Thessalonicenses,
945 799 1016 841 oum
1025 777 1149 864 triginta

79 875 237 943 obsidionis
251 876 317 942 dies
333 877 568 964 praeteriissent,
589 857 747 963 quaedam,
768 877 878 963 quibus
893 901 957 966 pax
974 881 1071 964 fieret,
1092 883 1149 950 ob·

78 983 176 1049 tulere.
226 986 273 1048 lla
300 982 436 1049 barbaris
463 983 602 1070 plecentr
630 983 781 1048 exercitus
807 1004 909 1048 ιιιιιιιι
935 983 967 1049 ic
994 987 1062 1062 loca
1088 987 1150 1053 sibi

78 1085 229 1172 designata
255 1085 402 1155 abscedit.
448 1091 543 1153 Faots
567 1109 643 1174 pace
669 1087 806 1173 captivos
833 1111 929 1174 perro
956 1092 1052 1175 prelio
1078 1094 1150 1159 red.

76 1190 158 1273 dunt,
181 1191 375 1276 divulgantes
395 1193 522 1259 sulutem
544 1191 659 1256 civitati
680 1190 825 1257 divinitus
843 1193 1060 1279 condonatam,
1082 1220 1151 1262 mrs-
1186 1265 1188 1272 ,

75 1320 167 1362 rorum
188 1293 221 1360 in
242 1309 340 1361 terrae
359 1312 447 1362 motu
460 1296 640 1384 prodigium,
661 1317 811 1361 armorum
831 1317 952 1364 suorum
968 1299 1031 1365 vim
1048 1301 1152 1376 oblatu

74 1400 188 1466 visione
209 1401 384 1468 invalidam.
426 1401 552 1467 Ultimos
572 1401 677 1465 laudes
697 1400 852 1466 monachis
869 1401 1150 1473 Thessalonicensi·
1241 1429 1245 1438 “

76 1504 127 1570 bos
152 1495 290 1589 deberi,s
309 1510 450 1572 Sanctum
477 1527 563 1571 suurn
591 1504 852 1590 praedicantibus,
883 1508 984 1572 nullus
1011 1511 1151 1594 equidem

74 1608 187 1676 dubito.
226 1613 265 1676 Et
290 1609 378 1676 vides
401 1610 489 1676 initia
515 1610 661 1694 quaedam
683 1623 712 1672 et
731 1609 845 1674 senrica
864 1610 939 1676 fidei
959 1611 1150 1683 Christianus

70 1713 129 1796 jan
156 1729 221 1780 tum
244 1716 277 1781 in
297 1715 412 1801 animos
429 1714 586 1798 gentilic-
607 1713 817 1778 Sclarinorurn
838 1716 1005 1800 conjoutsp
1020 1741 1098 1802 quse
1118 1737 1150 1787 ut
1244 1805 1246 1808 Ι

73 1835 249 1903 arescerent,
268 1819 444 1886 clericorum
460 1823 641 1886 Graecorum
660 1818 740 1905 piam
757 1817 957 1906 solertemque
972 1819 1149 1890 iudustriam

72 1939 102 1988 ut
121 1941 228 2011 postea
247 1947 369 1989 curasse
388 1923 554 1992 exllistimo.
972 1987 975 1992 ,
1160 1927 1204 1994 58

151 2032 199 2092 De
226 2043 333 2126 quartu
352 2029 560 2095 Solavinocun
585 2029 666 2096 bello
688 2027 954 2094 'l'hessslooioeosi
981 2029 1069 2097 veria
1093 2033 1149 2097 ob-

70 2135 231 2200 servanda·
251 2133 403 2201 uidentur.
452 2139 601 2201 Constans
627 2139 690 2214 ll,
723 2132 999 2252 Byzantiorum
977 2152 1151 2254 imperator

69 2261 96 2304 a.
118 2239 228 2306 642-
234 2239 319 2320 668.,
341 2237 452 2302 bellum
473 2240 590 2320 quidem
612 2261 678 2300 cunr
696 2219 878 2302 sclavinia
867 2237 985 2322 superii
1004 2238 1052 2302 sui
1072 2263 1152 2308 anno
1286 2298 1289 2306 .

70 2345 153 2408 XVI
177 2341 283 2426 gessit
295 2343 443 2428 (Gedren.
465 2339 537 2405 hist.
557 2363 589 2424 p.
606 2340 679 2404 435.
701 2341 751 2404 ed.
772 2340 879 2420 Paria,
900 2341 971 2407 coll.
986 2341 1162 2430 Theopha-

69 2445 114 2510 nis
134 2445 297 2530 chronogr.
319 2469 350 2534 p.
369 2447 444 2514 288.
465 2443 515 2510 ed.
538 2443 668 2525 Paris),
697 2417 892 2528 pluribusque
914 2447 1008 2530 captis
1028 2448 1152 2514 Solari-

69 2552 148 2616 ciam
178 2549 365 2636 provinciam
386 2548 446 2614 sibi
466 2545 594 2631 subjecit
613 2547 773 2634 (Theoph.
794 2547 818 2613 l.
839 2551 905 2629 c.);
933 2549 1015 2632 ,quod
1038 2548 1150 2634 bellum

69 2652 98 2716 in
117 2659 230 2720 mum
252 2653 368 2721 Christi
387 2653 448 2718 658
468 2653 519 2716 vel
538 2650 599 2716 659
619 2651 717 2733 cudit,
746 2650 1032 2738 subscriptoribus
1060 2655 1149 2720 modo

69 2759 128 2824 citt.
171 2761 288 2848 Verum
308 2755 392 2822 illem
414 2754 597 2824 sclaviniam
615 2755 766 2843 Byzantio
787 2755 959 2842 propiorem
977 2757 1071 2824 fuisse
1091 2782 1149 2845 pu-

70 2874 110 2942 to,
131 2885 222 2948 quam
238 2885 316 2942 eam,
337 2850 383 2926 de‘
396 2883 455 2946 qua
474 2874 575 2924 noster
590 2863 769 2946 Anonymus
790 2860 864 2944 agit.
905 2863 975 2947 lpse
991 2862 1069 2928 euim
1088 2861 1150 2942 (sic

61 2966 141 3047 ,nihi
163 2964 302 3046 videtur)
322 2964 484 3051 imperator
502 2965 534 3031 io
555 2963 667 3028 bellurn
688 2978 885 3051 processerat.
925 2965 1044 3030 Deinde
1065 2969 1150 3040 nulla

71 3070 140 3133 urbs
159 3067 308 3134 illustrior
328 3083 528 3150 rrrerrroratur,v
556 3068 609 3134 nbi
631 3067 773 3131 bellatum
793 3067 860 3132 fuit.¹
901 3069 1044 3154 Sequitur
1064 3071 1149 3136 (lou-
1174 3097 1180 3108 ¹

73 3173 220 3238 stautinus
238 3175 289 3236 IV
310 3176 480 3255 Pogonutus
502 3177 548 3252 (a.
568 3169 788 3248 668-685.).
830 3171 930 3254 Hujus
956 3195 1035 3244 auno
1064 3175 1148 3240 deoi-

72 3302 128 3360 roo,
150 3277 220 3344 sive
239 3299 317 3342 uoco
340 3277 453 3344 Christi
472 3276 680 3356 678-679.,
701 3273 828 3356 Bulguri
848 3276 1006 3354 Threciam
1023 3278 1148 3354 invesc-

71 3397 147 3448 root.
176 3384 315 3466 Cumque
329 3381 477 3449 adversus
493 3404 545 3447 eos
559 3379 721 3466 imperator
734 3378 835 3465 copias
850 3377 1016 3464 eduxisset,
1039 3383 1149 3448 Graeci

72 3487 140 3551 victi
160 3499 251 3567 sont,
272 3485 415 3571 multique
436 3484 612 3553 desiderati.
639 3487 759 3574 'Pacem
777 3483 879 3567 ioque
898 3481 1060 3570 imperator
1080 3508 1149 3550 curu

72 3589 108 3656 iis
124 3592 208 3673 lecit,
232 3589 331 3657 omnia
348 3591 470 3677 cupiens
482 3603 589 3676 persta
603 3586 733 3655 habere:
752 3587 819 3672 ejus
836 3610 909 3652 vero
923 3589 1084 3660 stolidilate
1097 3611 1147 3654 res

72 3695 244 3760 Christiana
262 3677 392 3760 dedecus
407 3695 531 3779 accepit.
560 3678 648 3764 Haec
661 3693 751 3762 tradit
762 3695 918 3762 cedrenus
936 3694 1008 3764 hist.
1024 3717 1061 3784 p.
1071 3689 1146 3762 438.

72 3802 118 3866 ed.
137 3799 235 3870 Paris.
275 3799 372 3864 Adde.
385 3798 585 3885 Nicephorum
602 3801 792 3886 cpolitanuru
813 3787 1010 3885 hhorsspsg.
1026 3793 1078 3862 24.
1089 3797 1146 3880 ed.
1286 3821 1292 3840 ‘

22 3928 25 3934 ·
72 3905 168 3970 Paris.
211 3907 250 3968 llt
265 3903 377 3968 habent
394 3923 430 3968 ea
447 3923 512 3984 opor
528 3907 666 3972 Actorum
682 3918 848 3971 nostrorum
862 3902 1032 3988 narratione
1049 3917 1154 3986 quant

72 4010 137 4076 darn
161 4007 405 4088 similitudinem,
443 4029 531 4091 quam
558 4008 602 4074 ite
629 4007 767 4093 equidem
797 4008 946 4086 concedo,
976 4019 1009 4074 ut
1030 4005 1145 4078 belluru

901 4111 946 4174 fs
