2824 4770
457 393 768 446 PROLEGOMBM·
1092 401 1151 458 XV

71 536 307 607 salonicensiom
322 540 500 606 ladaeornm
516 495 579 608 rnrl
595 561 741 626 quaenam
755 535 902 627 prosdotio
917 557 985 627 pest
999 544 1152 615 Christum

67 659 173 710 ιιιιιιι
204 645 317 710 saeclis
342 645 472 727 inerim,
499 648 566 712 fera
595 657 675 712 tacet
702 643 848 726 historiar
878 647 962 728 qood
980 671 1041 714 non
1059 653 1154 720 mira·

65 749 168 831 bitror,
207 747 261 834 qui
287 765 344 812 nec
369 745 605 816 Thessalonicae
634 745 819 842 christianae
842 765 966 837 prorsus
990 755 1074 820 rudis
1094 779 1153 824 ex·

64 853 173 921 riserit.
212 852 316 937 Hujus
342 865 442 920 antem
468 853 566 940 ipsios
593 851 737 918 memoria
762 866 833 916 ante
859 853 992 920 seculum
1015 875 1152 942 quartum

66 981 129 1022 nen
150 957 232 1034 clare
250 956 414 1043 repetitor,
449 961 536 1042 cnjus
556 979 666 1023 annom
685 956 750 1021 iere
772 955 892 1022 tertium
912 961 1013 1042 (³03)
1033 967 1068 1030 S.
1087 968 1153 1030 De.

70 1059 174 1140 metrii
209 1062 384 1148 martyrium
420 1060 539 1146 insigne
565 1063 652 1143 serit,
690 1083 751 1124 non
781 1065 1027 1130 contemnendum
1056 1069 1154 1134 histo·

63 1167 129 1232 riae
150 1165 374 1248 testimonium,
410 1189 487 1252 quse
512 1181 575 1232 tom
600 1165 694 1236 inerit,
716 1185 869 1232 sacrorum
894 1182 1062 1234 nostrorum
1091 1195 1147 1259 per

66 1269 281 1338 Macedoniam
308 1270 451 1338 conditio.
502 1275 636 1338 Graecos
662 1269 742 1336 enim
768 1269 1057 1340 Thessalonicenses
1083 1302 1145 1346 non

63 1389 181 1442 tantum
198 1376 337 1442 ludorum
356 1391 495 1461 merum,
520 1375 629 1463 quibos
648 1399 708 1462 non
727 1375 863 1440 ultimum
880 1376 980 1442 locum
999 1378 1031 1443 in
1051 1380 1150 1452 rebus.

63 1495 203 1547 veterum
226 1479 384 1567 gentilium
409 1478 603 1548 aestimandis
621 1479 763 1566 assigno,
790 1478 951 1545 admodum
970 1484 1143 1571 studiosos,

63 1607 172 1650 vernn
191 1583 281 1649 etiam
299 1607 453 1653 sacrorum
471 1601 592 1652 suornm
612 1585 703 1652 valde
723 1582 858 1650 nodosos
876 1585 989 1670 fciam,
1016 1612 1146 1678 persna-

67 1711 136 1754 snm
155 1712 196 1754 ex
217 1688 395 1774 quibusdam
417 1692 534 1772 haheo;
555 1713 653 1776 neque
673 1687 794 1753 omnino
812 1688 1002 1776 exploratum
1018 1693 1152 1780 videtur,

67 1817 129 1882 qno
148 1794 244 1859 secoli
264 1795 364 1880 quarti
384 1818 463 1862 anno
483 1797 593 1862 civitas
611 1794 686 1876 illa,
707 1795 890 1860 Graecarum
909 1793 1028 1863 nrhinnr
1045 1799 1074 1865 ai
1091 1824 1151 1866 non
1171 1840 1177 1854 a

66 1897 228 1986 princeps,
257 1911 358 1964 tatnen
378 1901 511 1966 secondo
530 1900 581 1966 vel
601 1897 707 1980 tertia,
733 1896 898 1964 incolarum
917 1899 1026 1987 opihos
1046 1925 1083 1967 ae
1100 1905 1152 1970 ln·

68 1999 178 2085 xoris,
207 2025 313 2068 verum
333 2002 423 2070 etiam
442 2028 541 2070 rernm
560 2023 682 2074 enarum
704 1999 960 2070 defendendarum
980 1994 1151 2075 constantia

69 2124 101 2179 et
128 2105 307 2175 fortitudine
337 2132 488 2194 nonquam
517 2131 579 2174 non
608 2107 708 2189 clara,
737 2106 776 2171 ad
796 2106 912 2172 christi
937 2109 1028 2194 signa
1054 2113 1152 2178 omnis
1201 2109 1203 2119 '

68 2210 235 2278 transierit.
286 2211 376 2292 Quod
396 2229 464 2301 post
483 2237 593 2280 annom
613 2211 675 2278 ³42
694 2209 824 2292 lactum,
855 2235 915 2277 non
936 2213 1082 2280 credibile
1101 2216 1152 2282 vi·

69 2311 174 2381 det'ur.
213 2319 260 2382 Eo
280 2315 358 2384 enim
378 2313 458 2386 anno
474 2315 759 2384 Thessalonicensis
779 2315 938 2404 episcopos
953 2321 1059 2388 nerins
1079 2323 1154 2388 con?

70 2419 144 2487 cilio
174 2419 346 2488 Sardicensi
372 2421 527 2502 interluit,
562 2420 633 2486 noll.
660 2421 727 2503 ejus
754 2419 873 2488 concilii
902 2423 978 2489 actis
1009 2446 1075 2493 ean.
1096 2428 1150 2496 16.

70 2524 168 2612 (apud
186 2524 339 2590 Mansiorn
359 2525 467 2594 concil.
488 2525 565 2593 Vols
582 2525 614 2592 3.
634 2548 666 2613 p.
683 2526 734 2590 17.
753 2525 833 2604 18.).
883 2529 975 2594 Anno
994 2552 1068 2595 vero
1088 2533 1151 2598 337
1176 2575 1180 2585 »

68 2630 284 2698 constantinus
306 2635 439 2717 Magnos
464 2631 591 2722 paganis
615 2628 765 2695 sacrificis
790 2627 912 2717 publiea
938 2632 1149 2719 interdixerat,

69 2734 143 2801 noll.
155 2735 269 2803 Eoseh.
284 2736 319 2802 in
331 2738 395 2803 vita
410 2737 599 2804 Constantini
611 2732 643 2819 l,
656 2735 709 2801 23.
731 2735 887 2802 Theodos.
900 2738 966 2803 cod.
982 2740 1034 2820 16,
1050 2742 1101 2823 10,
1116 2745 1147 2808 1.

70 2839 134 2906 Sed
147 2839 328 2908 ludaeorum
343 2833 657 2910 Thessalonicensimn
676 2839 773 2929 prima
791 2854 861 2928 post
874 2844 916 2905 D.
932 2844 1045 2906 Lucam
1063 2866 1149 2910 men·

72 2943 115 3009 tio
141 2967 203 3010 non
227 2945 379 3032 antiquior
403 2945 526 3013 videtur
549 2945 652 3012 seenlo
672 2951 812 3030 quartos
837 2944 909 3011 noll.
929 2946 1099 3013 readmonio
1118 2947 1156 3015 in·

71 3063 157 3135 parte
180 3071 290 3135 geogr.
311 3052 471 3138 pag.157.
492 3051 597 3116 allato.
646 3051 796 3134 Tempore
815 3047 993 3116 intermedio
1014 3051 1066 3137 qni
1085 3067 1150 3118 sta·

73 3168 123 3218 tns
140 3177 246 3222 eornm
264 3155 376 3238 luerit,
406 3177 465 3242 ego
485 3154 605 3241 quidem
625 3167 659 3220 ot
678 3151 742 3218 alia
761 3153 908 3237 quaedam
928 3153 1151 3239 nescireinge·

72 3280 133 3330 mre
150 3259 269 3342 fateor3
289 3282 367 3326 aero
385 3273 484 3326 tamen
498 3266 510 3326 l
521 3259 733 3346 imperatorum
752 3256 989 3345 Byzantinorom
1009 3255 1151 3325 humilio·
1162 3283 1205 3347 10

72 3385 137 3429 rem
157 3387 260 3431 eorum
281 3363 482 3434 conditionem
501 3362 617 3446 luisse,
648 3360 678 3429 is*
701 3384 762 3427 non
787 3359 998 3445 addubitalrit,
1015 3363 1079 3448 'qni
1100 3387 1151 3429 ec-

74 3466 187 3534 clesiae
213 3469 370 3550 orientalis
397 3471 477 3536 circa
503 3490 591 3536 sacra
616 3488 673 3533 soe
697 3465 893 3533 constantiam
912 3489 940 3533 a.
961 3467 1152 3533 tenacitatem

74 3572 211 3656 noverit,
240 3575 337 3660 enjus,
351 3574 464 3650 leodis„
480 3598 547 3640 non⁴
563 3572 701 3638 ultimum
727 3569 928 3636 testimonium
956 3572 1153 3645 orthodoxae

74 3677 161 3744 orba
180 3699 348 3766 cognomen
367 3701 436 3746 esse
454 3678 585 3759 v'idetor,
607 3676 687 3762 qood
703 3675 939 3742 Thessalonicae
958 3691 1078 3743 nostrae
1095 3677 1159 3740 ds·.

73 3795 137 3847 tnm
164 3804 184 3847 e
210 3785 277 3850 solo
300 3775 476 3852 (ismeniat'e
504 3804 570 3869 cap.
594 3782 626 3848 3.
646 3779 797 3866 intellexi.
845 3782 1023 3860 ludaeorum
1048 3780 1152 3865 itaque

76 3886 395 3956 Thessalonicensiom
417 3887 559 3954 memoria
582 3884 691 3953 seculis
712 3889 787 3952 Vll.
801 3887 875 3951 ΧΗ.
896 3885 1070 3966 reviviscit3
1098 3907 1152 3950 ac-

76 3993 187 4060 cedunt
206 3993 352 4066 armenii.
393 3997 591 4081 Utroromqne
611 3988 745 4089 meminit
763 3988 940 4058 Emathios
960 3987 1093 4055 oratione
1112 3993 1161 4070 de¹
