2846 4770
272 423 402 477 mut
432 423 442 449 ·’
666 423 985 476 PBOLBUOMEMs.

271 572 468 664 Theophanis
496 571 657 640 chronicon
683 598 716 662 p.
739 569 812 640 248.
839 573 890 640 ed.
912 574 1010 641 Paris.
1051 573 1237 640 Manendum
1258 575 1354 640 vide-

273 699 340 765 tur,
361 703 427 745 eam
448 677 556 767 lamere
577 678 689 744 aeunni
708 677 819 743 debere
839 676 945 744 mirem
960 678 1071 744 videri.
1100 681 1239 764 Namque
1253 684 1351 745 Meu·

272 786 335 854 ritii
347 805 448 865 aevo,
468 804 527 868 quo
546 785 695 849 funestius
713 783 746 848 ie
765 785 948 850 Graecorum
961 780 1200 873 Byzantieorum
1221 782 1355 850 historie

118 899 122 912 ’
241 971 245 996 ¹
271 890 328 960 vix
347 887 430 956 aliud
449 885 570 969 iuveni,
599 887 731 975 exceptis
753 886 857 975 paucis
875 887 967 968 locis,
995 910 1121 975 regnum
1138 892 1349 986 Europaeum,

271 997 351 1063 unde
382 992 479 1060 rictus
508 992 766 1081 Constantinopoli
803 992 988 1080 reliquisque
1024 991 1151 1059 urbibus
1180 994 1350 1076 veniebat,

269 1102 348 1172 adeo
375 1099 562 1164 devastatum
590 1097 687 1178 fuisse
711 1099 849 1180 videtur,
884 1111 918 1162 ut
944 1097 1085 1163 frumeuti
1110 1097 1263 1184 peregrini
1290 1099 1352 1162 ed·-

270 1205 409 1272 reotiooe
428 1201 575 1268 meritisne
592 1225 669 1288 opus
685 1219 785 1286 esset,
817 1221 905 1289 quatu
921 1216 1020 1268 temen
1037 1206 1205 1268 Sarazenoe
1224 1203 1351 1289 saepius

270 1303 433 1398 impedisse
446 1321 529 1392 puto.
558 1304 610 1370 Sic
626 1309 736 1371 fectum
754 1321 811 1389 est,
832 1322 865 1372 ut
880 1307 1130 1374 foecundissimo
1144 1323 1254 1387 terrae,
1272 1311 1351 1372 Ma·

272 1410 399 1479 cedoeia
416 1409 538 1496 iuquam
557 1424 588 1475 ct
607 1411 755 1492 Threcia,
776 1412 893 1501 imperii
916 1414 1066 1498 Europaei
1086 1415 1174 1477 antea
1193 1411 1349 1494 nutrices,

219 1518 224 1525 ’
270 1520 418 1586 frumento
438 1529 563 1582 externo
582 1513 667 1601 ipseo
683 1515 864 1602 indigerent,
885 1518 967 1604 quod
981 1520 1060 1582 Acta
1073 1519 1108 1593 VS.
1121 1514 1269 1582 Demetrii
1286 1539 1350 1582 non

269 1647 330 1691 uno
349 1633 464 1687 tautum
484 1618 623 1704 exemplo
643 1635 819 1686 monstrent.

202 1735 206 1740 “
348 1728 466 1792 Verum
484 1724 576 1790 redeo
596 1722 635 1787 ed
655 1723 958 1796 Thessalonicensem
995 1731 1059 1794 Eos
1078 1726 1192 1807 fames,
1219 1725 1350 1814 imperio

269 1828 409 1900 Mauritii
432 1827 484 1894 vel
504 1827 624 1893 Phocoe
646 1828 696 1904 (a.
718 1831 919 1915 oue-61⁰)
945 1855 1005 1898 aon
1032 1831 1270 1920 improbabiliter
1297 1855 1351 1898 es·

269 1939 440 2022 signanda,
472 1935 551 2002 edeo
580 1935 775 2019 exagitabat,
813 1951 846 2000 ut
871 1959 891 2002 a
917 1936 1043 2002 tumultu
1073 1959 1166 2023 propa
1193 1934 1349 2004 abessent.

219 2119 226 2124 -
270 2043 334 2110 Sed
362 2061 431 2106 ecoe
456 2039 538 2106 idem
565 2040 668 2106 Sanni
694 2039 840 2105 Demetrii
866 2040 1012 2106 auxilium
1042 2056 1166 2128 repente
1194 2042 1346 2128 apperuit.

196 2211 200 2219 ,
270 2149 303 2214 ls
322 2146 413 2228 euim,
434 2159 467 2212 ut
486 2151 625 2210 Actorum
646 2143 755 2231 verbis·
768 2162 845 2226 utar,
866 2145 1007 2210 diviniori
1024 2144 1250 2210 obumbratione
1267 2167 1347 2212 neu-

270 2251 309 2320 tis
328 2249 519 2338 plurimarum
538 2251 693 2337 regionum
710 2251 952 2318 intellectualiter
971 2248 1085 2331 suasit,
1104 2263 1139 2314 ot
1157 2272 1253 2314 neres
1271 2273 1347 2316 suae

272 2359 417 2440 (instabat
435 2358 566 2440 hiems),
587 2358 668 2425 omni
689 2357 785 2422 rictus
804 2380 915 2442 genere
934 2355 1073 2436 onustas,
1097 2353 1347 2420 Thessalonicam

159 2491 162 2496 ·
270 2463 466 2531 deveherent.
505 2460 770 2527 Oburnbrationern
789 2461 872 2527 illam
891 2459 1122 2526 intellectualem
1141 2480 1273 2544 sequeus
1290 2461 1343 2526 hi·

268 2565 362 2632 storia
373 2564 514 2685 aperiet,
536 2566 576 2629 ed
596 2566 825 2650 significandum
845 2588 914 2631 seor
905 2557 1015 2630 'illius
1035 2564 1156 2648 genium
1177 2566 1341 2631 narranda

268 2669 382 2737 vir!
347 2692 439 2756 ptus,
460 2668 545 2791 pujue
565 2668 729 2733 ministerio
750 2691 875 2753 maguus
893 2662 1001 2756 abydi
1020 2691 1120 2734 comos
1140 2670 1342 2757 (preelectus)

268 2773 469 2855 utebatur,
439 2795 504 2858 ojus
515 2773 603 2856 jussu
616 2772 724 2837 Citium
741 2771 869 2836 insulam
883 2771 1121 2854 administrabat,
1138 2773 1286 2852 frumento
1297 2781 1347 2854 (ot
1407 2829 1408 2859 ,

268 2879 404 2958 ridetur)
428 2875 539 2962 cpolin
565 2876 643 2940 ieme
662 2899 794 2964 pressam
815 2877 993 2942 adrebendo
1012 2877 1209 2968 prospiciens.
1252 2883 1285 2944 ls
1305 2879 1345 2945 de

260 2983 391 3062 ,navium
411 3003 494 3046 mora
513 2980 638 3063 dolens,
667 2981 857 3066 animumque
883 2981 922 3046 ob
950 2981 1102 3048 raritatem
1130 2983 1344 3071 appellantium

270 3087 476 3174 despondens,
498 3107 552 3171 per
572 3107 706 3150 somnum
728 3085 832 3150 habuit
851 3085 1015 3169 visionem3
1035 3085 1146 3153 deinde
1167 3110 1270 3153 vocem
1287 3111 1345 3154 au-

269 3191 347 3260 divit
366 3189 612 3278 expergefactus,
634 3188 745 3254 visioni
765 3191 1012 3277 respondentemr
1032 3193 1111 3276 qaid
1129 3193 1265 3258 animum
1286 3193 1344 3258 de·

269 3297 424 3388 spondet?
444 3297 553 3376 Scito,
575 3297 611 3382 S.
628 3294 824 3361 Demetrinm
843 3295 904 3360 tibi
922 3296 1077 3376 neddere,
1097 3299 1345 3382 coaequabitur

269 3426 371 3469 omnes
396 3400 481 3467 datie
508 3400 610 3465 arabis
631 3411 818 3484 praereptos
841 3400 1090 3466 Thessalonicam
1109 3403 1243 3470 mittere.
1284 3404 1343 3468 llle

268 3506 379 3576 anxius
405 3504 444 3571 ob
470 3504 605 3571 comitem
629 3502 753 3593 abydi,
784 3527 823 3570 ne
851 3504 923 3571 vilis
950 3505 989 3570 eb
1017 3529 1053 3572 eo
1079 3505 1285 3592 reprobusque
1311 3508 1344 3572 in

268 3633 392 3678 mettere
409 3608 591 3690 baberetur,
618 3606 650 3674 in
670 3611 705 3673 S.
723 3607 846 3674 isidoris
866 3609 1005 3699 martyris
1024 3611 1180 3700 templum,
1209 3612 1291 3696 quod
1311 3610 1343 3676 in

269 3717 349 3786 cuia
367 3715 468 3782 insule
487 3729 550 3797 est,
572 3715 622 3798 ⁵²)
642 3736 676 3779 se
695 3713 829 3795 confert,
852 3727 885 3778 ut
905 3714 943 3780 ab
962 3713 1091 3806 incolis,
1115 3713 1258 3802 quirillo
1277 3719 1343 3781 De·

307 3867 512 3939 coementi
532 3871 781 3944 templurnnttcae
824 3868 879 3936 tois
897 3867 1003 3950 apuam
1005 3897 1076 3940 ce
1039 3871 1148 3946 pedm
1131 3897 1192 3940 αις
1181 3867 1243 3945 ⁰¹t
1262 3871 1344 3948 ‘77¹3‘

269 3974 384 4029 <lll⁰q¹¹⁰
413 3964 551 4014 memmi
581 3955 682 4014 ffi⁸l⁰¹'·
717 3965 780 4026 ca1¹·
827 3961 877 4022 coit
893 3965 961 4024 ιιιιιῑι
977 3959 1080 4042 seips
1062 3959 1227 4047 oi’opropocl
1211 3963 1342 4044 ordaipom

269 4041 705 4133 22.(ιιις.222.ιιι1.2ιιιιιι.)ι
719 4040 779 4100 net
