2834 4772
155 449 158 464 ,
263 381 340 457 384
682 395 900 448 Δονεοοικ.
965 395 967 400 ’
1241 371 1352 464 [σεο.

262 551 323 644 ρὸν
343 551 453 642 ὥσπέρ
471 573 504 619 τι
523 551 620 617 θεῖον
640 544 818 632 ἁγιότητος
837 545 1011 634 παρείπετο
1031 543 1278 637 δορυφόρημα·
1308 543 1351 628 ῶς

261 661 339 740 τούς
359 660 619 743 ἐντευξομένους,
652 649 901 748 ὑφορωμένους,
931 649 975 742 μὴ
1003 659 1068 721 τῶν
1088 659 1158 724 σῶν
1181 657 1348 743 Χαρίτων

262 771 440 849 ἐκπέσοιεν,
469 762 586 852 ἢταῒς
612 768 687 840 σαῖς
713 759 913 850 έπετιμήσεσι
933 767 1151 848 περιπέσοιεν,
1186 761 1349 850 συνάγειν

262 871 385 962 εύλόγῳ
406 878 468 943 δέει
487 871 547 939 τόν
565 873 660 953 νοῦν,
682 869 842 939 καὶκατὰ
862 866 939 947 τούς
959 871 1269 952 τελεσθησοιιένους
1287 872 1348 960 μό·

261 1008 321 1054 νον
342 980 389 1052 οὐ,
400 981 678 1072 περιρραντηρίων
700 985 835 1048 δεῖσθαι
855 975 1068 1068 καθάρσεων.
1117 980 1189 1046 Καὶ
1214 982 1349 1066 Κλέαρ·

260 1119 319 1182 χος
345 1098 406 1180 μέν
431 1091 452 1158 5
476 1085 740 1170 Λακωνικός,’
724 1080 768 1166 ω’ς
795 1112 859 1155 που
888 1081 1044 1178 Ξενοφῶν
1077 1083 1252 1216 ἱστόρηκε,
1292 1095 1347 1156 καί

241 1196 403 1308 Ιστυγνός
421 1186 463 1286 ἦν
479 1192 581 1289 όρρῖν,
603 1201 658 1264 καί
682 1195 801 1284 τραχύς
820 1202 861 1279 τῆ
880 1196 992 1289 φωνῇ·
1023 1193 1109 1262 ἀλλά
1131 1193 1170 1263 τὸ
1190 1197 1346 1265 τοιοῦτον

263 1285 405 1431 ότνχνὸν
437 1308 472 1372 ἐν
503 1309 572 1382 τοῖς
600 1309 715 1382 δεινοῖς
743 1328 827 1434 φησι
857 1303 1001 1396 φαιδρὸν
1028 1312 1096 1384 τοῖς
1124 1302 1346 1390 στρατιώταις

261 1415 423 1508 ἐφαίνετο.
471 1414 550 1484 Σοῦ
574 1416 609 1478 δέ
635 1418 692 1479 και
720 1411 778 1478 τὸν
806 1407 857 1480 άεί
876 1419 936 1499 μὲν
954 1409 1081 1508 χρόνον
1095 1407 1271 1502 ὁρωμένου
1293 1421 1345 1480 καί

263 1524 513 1616 φθεγγομένου,
544 1524 683 1611 φαιδραὶ
711 1525 780 1598 τοῖς
805 1523 1041 1607 προσομιλοόσι
1069 1525 1282 1608 προσεγόλων
1310 1525 1342 1588 οἱ

262 1625 420 1718 Χάριτες·
442 1629 651 1722 διεφαίνοντο
672 1632 705 1696 δέ
727 1625 820 1696 οὐδὲν
839 1622 946 1711 ἦττον,
967 1634 1023 1697 καὶ
1043 1628 1097 1698 ὅτε
1117 1629 1202 1723 ζήλῳ
1228 1635 1343 1714 δικαίῳ

162 1731 164 1742 ’
186 1787 189 1796 1
260 1741 531 1827 παρεθεριιαίνου
551 1736 638 1804 κατά
656 1739 720 1804 τῶν
734 1743 994 1826 μοχθηροτέρων
1009 1745 1064 1808 καί
1082 1745 1248 1826 δεομένων
1265 1765 1342 1828 τρα-

257 1853 395 1936 χυτέρας
413 1845 470 1931 τῆς
485 1842 719 1933 έμβριμηοεως.
749 1849 820 1914 Καί
835 1846 899 1915 πού
914 1874 964 1927 τις
983 1844 1272 1935 έπεπληττόμενος,
1296 1849 1337 1933 μη

260 1951 349 2025 πάνυ
369 1951 526 2037 τισυώδης
546 1955 595 2037 (ί)
616 1952 661 2048 ῶν
682 1954 742 2042 τὴν
763 1955 891 2048 φδχὴν,
911 1947 1011 2039 ἧττον
1030 1954 1340 2042 έδόκει,δάκνεσθαι

260 2058 282 2151 ἦ
301 2059 463 2190 ἥδεσθαι,
490 2067 649 2150 μέμψεων
670 2062 839 2130 ἐπακούων
858 2063 1079 2151 γλυκυθύμων
1098 2068 1200 2131 πλέον
1223 2063 1283 2132 διά
1305 2061 1338 2130 τό

259 2167 379 2260 εύχαρι,
400 2197 419 2258 η
413 2165 637 2258 δακεθυμων
659 2169 773 2240 διὰτὸ
795 2173 961 2259 έπίχολον·
981 2178 1037 2240 καὶ
1054 2173 1164 2260 ῥόδοις
1180 2174 1337 2260 Χαρίτων

210 2346 217 2352 .
258 2285 393 2349 πνέουσι
420 2277 630 2360 πάττεσθαι,
661 2277 683 2368 ἢ
708 2290 851 2370 κέντροις
880 2289 1107 2374 ἐπιστρέφουσι
1133 2276 1337 2369 βάλλεσθαι.

154 2439 157 2444 .
263 2379 421 2466 ούτως’
391 2384 465 2455 ούτε
486 2385 523 2454 τό
543 2387 659 2480 χάριέν
680 2414 740 2458 σου
762 2387 918 2476 άκεντρον
939 2389 980 2479 ι’,ν
1000 2388 1188 2474 (ἀνειμένον
1208 2390 1278 2475 γὰρ
1298 2385 1337 2455 άν

259 2483 321 2583 ἦν,
344 2500 399 2564 καὶ
421 2493 504 2585 πρὸς
523 2500 707 2566 νουθεσίαν
727 2495 963 2586 ἀμβλύτερον),
996 2495 1069 2566 οὕτε
1091 2498 1129 2564 τό
1150 2493 1339 2586 παροξυνό-

258 2628 358 2689 μενον
381 2599 482 2728 άχαρι
502 2606 550 2697 τῷ
569 2609 677 2673 παντί.
707 2601 883 2695 Ἑκάτερον
903 2611 938 2675 δέ
957 2601 1003 2674 δι
1024 2609 1180 2690 ἑκατέρου
1201 2631 1337 2694 περιχω-
1407 2667 1408 2678 ,

260 2711 357 2796 ροόν,
378 2708 499 2797 άριστα
515 2718 746 2799 κεκραμένον’
731 2720 994 2803 ιγκατεμέμικτο.
1037 2713 1215 2782 Οὐκοῦν
1182 2739 1262 2780 τινα
1281 2719 1339 2779 τῶν

259 2823 345 2897 σῶν,
367 2808 438 2884 εἶθ’
460 2817 524 2886 ὅσα
544 2819 761 2903 οποιδάζοντί
780 2848 833 2892 σοι
840 2821 1052 2950 πεπόνηται,
1074 2823 1136 2888 εἴτε
1158 2819 1336 2909 σχολάζον-

260 2948 291 2993 τι
318 2929 495 2991 πέπαικται
518 2930 713 3015 χαριέντως,
744 2927 802 2999 ούκ
830 2927 894 2999 άνά
918 2927 1026 3019 στόμα
1053 2938 1120 3008 τοῖς
1143 2928 1335 3021 φιλολόγοις

261 3028 428 3124 φερόμενα
452 3035 682 3122 περιᾴδονταις
714 3029 758 3106 ὧν
783 3040 843 3107 ούκ
869 3036 963 3125 ὀλίγα
989 3036 1070 3106 κάπὶ
1096 3051 1169 3113 ταῖς
1200 3031 1336 3124 ἀγοραῖς

258 3144 314 3209 καὶ
344 3135 484 3229 τριόδοις
511 3139 649 3215 άκούσοι
680 3173 730 3226 τις
761 3145 803 3226 ῶς
832 3145 875 3215 τά
905 3143 1111 3238 παροιμιώδη
1139 3149 1337 3235 περιλαλοό·

257 3273 353 3323 ιιενα.

339 3355 391 3421 13.
412 3353 556 3439 Εἰκότως
575 3350 634 3454 σύν
655 3363 707 3431 έπί
727 3361 875 3452 τοσούτῳ
893 3369 947 3434 καί
968 3363 1070 3442 οὕτως
1089 3362 1222 3449 ἀγαθῷ
1244 3363 1337 3450 ἀνδρί

257 3468 314 3562 καί
340 3472 535 3561 κοινωφελεῖ
556 3470 792 3557 τετελευτηκότι
815 3471 926 3546 κοινὸν
947 3477 1002 3540 καί
1024 3477 1153 3550 πένθος
1176 3469 1336 3550 ἁπάντων

258 3575 431 3644 καθίκετο·
469 3573 613 3660 μάλιστα
633 3581 667 3646 δὲ
688 3583 746 3662 τῆς
767 3584 851 3650 ἴδιον
873 3580 1013 3666 άγαθόν
1032 3577 1199 3668 λαχούσης
1219 3587 1336 3648 ἐκεῖνον

256 3679 391 3763 πόλεως,
424 3675 525 3766 η”καί
550 3690 626 3768 νῦν,
659 3679 763 3778 ιῖίσπέρ
784 3715 835 3768 τις
861 3692 996 3775 γενναία
1021 3685 1102 3774 γυνη
1126 3685 1334 3775 παρθενικόν

256 3783 358 3872 αὐτῆς
378 3785 485 3878 ἄνδρα
505 3790 660 3861 θανόντα
681 3802 871 3879 πενθοῦσα,
893 3793 1043 3879 κάθηται
1062 3800 1186 3884 χαμαί,
1209 3797 1334 3880 μᾶλλον

254 3896 289 3964 ,δέ
314 3902 386 3988 περὶ
414 3897 474 3968 τόν
498 3897 748 3992 πολυδάκρυτον
774 3902 885 3999 τάφον
908 3909 1123 3991 κυλινδομένη
1144 3897 1333 3994 κατολοφύ-

256 4023 349 4090 ρττατ
374 3999 611 4096 άπαράκλητοι·
641 4015 711 4083 καί
739 4010 788 4082 τά
815 4013 980 4106 δάκρυα
1007 4007 1157 4097 αὐτῆς,
1184 4011 1273 4082 είποι
1291 4003 1333 4076 ἓν
