2848 4778
254 359 336 438 m
366 379 369 388 ’
516 381 524 389 ·
706 379 830 434 Aona.
906 333 909 338 ¹
1229 353 1335 464 [cu.

255 535 332 618 κός,
349 529 410 606 οῦκ
430 529 543 620 ῦλίγον
562 531 662 620 με’ρος
682 526 786 618 αὐτῆς
807 531 864 617 τῆς
883 525 1008 608 πόλεως
1031 529 1087 612 τῆς
1107 531 1224 615 λοιπῆς
1240 526 1338 620 ῦπερ-

256 651 357 734 αἴρων
382 644 461 731 γῆς·
489 640 534 720 ὠς
559 639 598 709 τό
624 648 686 728 μὲν
713 636 816 729 αὐτῆς
841 635 1036 725 πεδιοίοιμον
1057 638 1157 718 εἶναι,
1187 643 1245 708 καί
1266 647 1340 720 ταῖς

257 757 383 846 χρείαις
406 755 473 822 τῶν
501 748 716 821 ἐνοικούντων
739 745 964 832 κατάλληλον·
997 747 1037 817 τό
1063 750 1099 816 δὲ
1120 761 1188 827 τοῖς
1206 751 1341 834 βουνοῖς

259 869 315 933 καί
344 875 415 940 ταῖς
442 861 506 928 τῶν
533 857 620 949 ὀρῶν
646 855 825 946 οίκρότησιν
846 857 1095 926 ἀνατείνεσθαι.
1110 861 1114 868 ’
1132 850 1220 924 Ἀλλ’
1244 853 1341 926 οῦδὲν
1419 861 1420 914 ί

259 972 365 1044 ὀίδιιιεῑ
388 968 450 1058 τὴν
474 967 571 1037 πόλιν
594 968 614 1052 ἡ
643 976 703 1038 τοῦ
728 966 826 1055 ι’ίρσως
847 957 1070 1058 παροίτασις,·
1084 959 1128 1042 ῦς
1148 970 1342 1056 ἐμπαρέχειν

259 1076 375 1150 ῦδειαν
404 1089 472 1156 τοῖς
496 1076 682 1162 πολεμίοις,
718 1073 781 1171 ἀφ’
809 1069 916 1171 ῦφοος
943 1078 1165 1163 ἐπεμβαίνειν,
1197 1079 1256 1144 καί
1284 1076 1344 1144 τοῦ

256 1191 384 1276 τείχους
410 1183 717 1274 κατεπαμῦνεσθαι.
758 1183 881 1254 Ἔδωκε
900 1185 965 1272 γοίρ
986 1180 1100 1269 ὀλίγην
1118 1180 1195 1252 τινὰ
1217 1183 1343 1272 σχολὴν

257 1295 417 1382 ὁβοννδς
438 1297 558 1374 ἐκεῖνος
583 1291 664 1383 πρὸς
689 1293 728 1364 τό
756 1291 990 1384 φυλάττεσθαι
1010 1299 1123 1364 πᾶσαν
1145 1295 1345 1384 ἐπιβουλήν,

258 1406 308 1499 τῷ
327 1402 383 1472 διὰ
405 1412 506 1490 μέσσω
524 1403 621 1492 χώρῳ
634 1405 676 1488 (Ι.
688 1403 813 1498 χωρίῳ)
835 1401 895 1491 τὴν
915 1401 1026 1494 εὐχερῆ
1045 1404 1235 1492 προςβολὴν
1254 1404 1344 1474 διπο-

195 1523 197 1530 ’
258 1510 413 1602 κρούσας.
469 1511 514 1580 Τό
546 1509 578 1580 δ’
605 1514 759 1582 ἐντεῦθεν
788 1511 995 1596 ἀνατείνεται
1021 1515 1117 1603 μέχρι
1145 1515 1275 1583 πολλοῦ
1306 1511 1343 1583 τό

203 1649 206 1656 “
259 1620 339 1710 ὅρος
359 1625 415 1689 καί
434 1617 660 1710 ῦπερίδροται,
687 1630 757 1700 τοῖς
785 1619 901 1716 λόφοις
929 1628 985 1691 καί
1011 1619 1198 1712 χαράδραις
1224 1626 1347 1710 ἐντρα-

258 1724 457 1818 χννόμενον,
490 1728 566 1819 τὴν
589 1729 859 1819 μεσαιτάτην
885 1729 1101 1816 ἀνατολὴν
1129 1729 1346 1818 ἐπειγόμε-

258 1866 343 1911 νον.
389 1843 558 1911 Τοσοῦτον
585 1849 625 1910 λκ
653 1841 838 1926 πλαγίου
865 1840 936 1932 ἀφ’
962 1842 1162 1930 ἑκατέρου
1182 1848 1345 1928 μέρους

258 1949 467 2034 ὑποκείμενον
488 1947 654 2043 διαφεύγει
675 1957 732 2037 τῆς
750 1937 818 2036 γῆς.
846 1947 901 2018 Ἕν
921 1951 987 2038 γὰρ
1009 1953 1100 2029 ταῖς
1119 1953 1210 2018 δυσί
1230 1953 1346 2019 πλεο-

260 2067 353 2146 ραῖς
383 2061 503 2129 τοῦδε
529 2059 603 2128 τοῦ
628 2057 769 2147 ῦρσος,
802 2061 944 2128 τοῦ’τε
973 2056 1076 2146 πρός
1105 2053 1231 2126 νότον
1255 2063 1344 2150 φημί

257 2173 330 2238 καί
356 2176 430 2238 τοῦ
457 2166 562 2256 πρὸς
587 2167 769 2259 βσρῥᾶν,
800 2170 894 2237 πεδία
924 2163 1126 2258 ἀφήπλωται
1151 2164 1286 2256 βόσιμοί
1310 2193 1344 2236 τε
1422 2217 1423 2226 1

257 2281 315 2346 καί
338 2273 501 2364 χρήσιμα,
534 2283 650 2345 πᾶσαν
678 2273 836 2367 ἀφορμὴν
863 2275 994 2358 εῦζωίας
1019 2280 1087 2352 τοῖς
1109 2276 1261 2354 πολίταις
1283 2281 1345 2343 διι-

257 2383 418 2476 ροῦμενα·
451 2375 497 2453 ὧν
513 2382 551 2453 τό
570 2392 632 2472 μὲν
652 2383 696 2464 οίς
716 2382 799 2472 πρός
819 2380 944 2454 νότον
967 2383 1040 2452 τοῦ
1062 2380 1206 2472 ὅρους,
1239 2383 1344 2472 πρὸς

257 2489 472 2582 ἀνατολὴν
492 2497 531 2562 δὲ
552 2495 627 2576 τῆς
647 2490 822 2576 πόλεως,
844 2489 886 2576 ὡς
905 2493 981 2561 λίαν
1004 2494 1071 2560 ε’στλ
1094 2496 1265 2577 παγκαλὲς
1288 2497 1343 2560 καί

257 2600 429 2690 ε’ροίσμιον.
474 2599 683 2689 Κεκόσμηται
713 2599 778 2688 γὰρ
803 2607 948 2694 δένδρεσι
976 2598 1200 2693 ἀμφιλαφέσι,
1231 2629 1343 2690 παρα·

256 2712 375 2791 δείσαις
394 2711 567 2790 ποικίλοις,
588 2703 707 2778 ὕδασιν
727 2709 887 2801 ἀπείροις,
913 2717 977 2787 τοῖς
1000 2719 1059 2781 ωἰν
1078 2716 1253 2796 πηγαίοις,
1276 2727 1343 2793 τοῖς

257 2822 294 2887 δὲ
314 2818 507 2904 ποταμίοις,
539 2816 587 2895 οίς
612 2824 648 2886 αί
666 2815 790 2907 λόχμαι
809 2823 869 2890 τοῦ
889 2817 986 2911 ίίρσιις
1008 2823 1054 2916 τῷ
1075 2823 1177 2909 πεδίῳ
1195 2825 1345 2911 χαρίζον-

257 2941 332 3007 ται,
367 2931 422 2994 κοιλ
451 2923 555 3010 αὐτὴν
581 2930 616 2998 δὲ
642 2930 821 3010 δεξιοῦνται
853 2929 913 3020 τὴν
941 2927 1137 3000 θάλασσαν.
1178 2926 1344 3016 ’Δμτιελσι

256 3031 323 3124 γὰρ
353 3031 512 3124 ἀλληλοις
541 3044 878 3128 παραπεφωτεομέναι
906 3038 949 3110 τῦ
977 3042 1083 3129 χωρία
1116 3043 1343 3134 στεφανοῦσι,

256 3151 311 3215 καί
339 3144 398 3216 τόν
423 3149 602 3239 φιλόκαλον
628 3144 813 3239 ὀφθαλμόν
838 3150 879 3244 τῇ
905 3143 1033 3233 πληθῦι
1054 3151 1118 3216 τῶν
1138 3153 1278 3238 καρπιῦν
1299 3147 1344 3230 είς

256 3250 467 3346 εὐφροσύνην
493 3259 748 3346 προτρέπονται·
777 3262 877 3342 μοναί
903 3261 937 3326 δὲ
961 3261 1114 3350 μοναχιῦν
1139 3265 1264 3330 πολλαί
1289 3265 1343 3330 καί

257 3365 389 3452 συχναί,
418 3362 456 3432 τό
482 3388 516 3431 τε
541 3359 699 3447 ῦπτισίζον
726 3369 784 3434 τοῦ
805 3363 902 3454 ὅρους
922 3373 975 3435 καί
999 3367 1036 3437 τό
1059 3377 1118 3456 τῆς
1138 3369 1259 3456 λοιπῆς
1280 3371 1341 3456 γῆς

254 3455 466 3557 ῦπσκείμενον
486 3474 702 3542 κατοικοῦσαι
719 3473 760 3556 (1.
780 3475 1010 3562 κατέχουσαι),
1036 3479 1093 3545 καί
1115 3501 1183 3546 τισι
1204 3503 1341 3564 τερπνο·

254 3576 370 3659 τοίτοις
394 3582 527 3668 χωρίοις
553 3581 830 3668 ἐγκαθεζόμενοι,
859 3585 973 3652 καινόν
1000 3611 1030 3652 τι
1063 3594 1176 3674 χρῆμα
1206 3601 1276 3667 τοῖς
1309 3611 1342 3655 τι

255 3683 380 3768 ῦδίταις
408 3693 464 3756 καλ
490 3685 604 3769 αῦτοῑς
631 3695 700 3768 τοῖς
727 3691 876 3771 πολίταις
901 3689 1077 3786 πεφύκασι.
1133 3695 1180 3764 Τὸ
1203 3699 1238 3766 δῦ
1256 3693 1342 3764 κατῦ

253 3790 387 3863 λαιόν
415 3787 610 3887 πλευρόν
632 3801 703 3867 τοῦ
731 3794 853 3888 ῦρσσς
880 3805 992 3871 πεδίον
1013 3803 1083 3872 ίστί
1103 3809 1159 3872 καί
1180 3805 1266 3876 αὐτὸ
1287 3832 1341 3874 τε·

254 3910 396 3990 ταμίνον
416 3903 461 3985 τίς
479 3910 585 3994 μῆκος
604 3903 699 3988 πσλῦ,
720 3903 888 3995 εῦρῦνιται
907 3913 943 3978 δὲ
962 3913 1076 4000 μίχρις
1096 3909 1207 3982 σίλλων
1223 3915 1340 4000 ὁρίων

255 3997 296 4075 οῦ
324 4008 411 4092 τινός
437 4015 472 4083 ίν
496 4020 583 4108 μίσιγι
612 4014 839 4101 πελαγίζονται
866 4011 925 4088 δῦο
953 4026 1038 4100 τινὲς
1063 4018 1182 4112 εῦρείαι
1206 4023 1338 4110 λίμναι.
