2824 4770
148 400 152 404 -
265 363 292 438 4
353 395 359 408 ·
454 347 455 350 ¹
671 353 912 476 casinimo-
1016 365 1017 372 '

367 543 443 618 Res
473 500 764 620 Thessalonicae
793 540 1044 642 antiquiores,
1079 539 1245 616 tenebris
1276 541 1343 620 ad.
1402 541 1403 558 ¹

189 743 191 748 ,
258 666 427 746 'modum
451 690 620 766 pressas,
654 659 837 767 quantum
858 667 986 762 licuit,
1017 669 1204 744 eveteris
1229 668 1345 744 histo-

148 877 155 889 Ι
258 795 350 869 riae
374 792 627 867 monumentis
650 791 932 874 illustravimus.
980 791 1103 867 Floris
1126 792 1274 868 initium
1297 817 1344 868 eo

268 925 441 1017 ternpore
466 917 642 1028 habuisse
663 917 831 1013 videtur,
864 940 941 1018 quo
964 917 1209 993 Macedoniae
1231 916 1346 1016 ipsius

163 1037 202 1084 ·'
269 1041 344 1118 ilos
373 1009 593 1138 marcebat,
636 1041 779 1119 scilicet
804 1040 1017 1118 Cassandri
1038 1041 1347 1142 reliquorumque

114 1233 118 1248 p
237 1189 405 1266 ¹regno.
456 1167 618 1240 Multum
642 1165 756 1240 debet
776 1166 1067 1280 Romanomm'
1054 1165 1228 1266 imperio.
1271 1166 1346 1242 Isto

268 1291 375 1366 enim
398 1296 477 1364 toto
498 1297 686 1388 tempore
693 1290 765 1364 nisi
783 1293 948 1367 nornine
957 1277 1120 1391 semper,
1144 1295 1273 1369 tamen
1287 1314 1347 1365 re·

271 1438 364 1513 apse
375 1413 539 1511 lllyrici,
549 1415 805 1512 Macedoniae,
827 1414 1008 1493 Graeciae
1026 1414 1247 1514 metropolis
1264 1413 1347 1513 fuit,

239 1543 241 1552 '
273 1546 509 1621 mercaturae
538 1541 722 1618 beneficio
751 1540 909 1632 mirifice
931 1549 1063 1636 aucta,
1102 1563 1221 1640 quum
1252 1538 1348 1618 aliae

271 1665 418 1757 illarum
453 1668 642 1738 terrarum
671 1665 786 1756 urbes
815 1667 866 1764 ad
894 1673 1111 1742 extremam
1142 1664 1348 1742 obscurita-

210 1799 214 1810 '
271 1793 353 1863 tem
374 1785 650 1864 delaberentur.
774 1786 776 1791 ’
848 1883 852 1890 ¹

176 1967 178 1974 “
248 2045 250 2049 v
371 1950 551 2028 Bellicam
587 1952 879 2032 Thessalonicae
913 1954 1065 2032 laudem
1098 1955 1225 2032 seculo
1260 1960 1348 2056 post

272 2078 465 2156 Christum
498 2078 609 2154 tertio
639 2103 716 2155 non
746 2080 1000 2178 antiquiorem
1030 2079 1157 2158 video·
1211 2079 1347 2154 Docuit

126 2215 127 2220 ’
271 2227 366 2290 uero
389 2203 507 2287 tribus
530 2202 741 2280 Gothorum
765 2204 1018 2294 invasionibus
1042 2204 1221 2303 iepulsis‚
1255 2203 1347 2312 quid

272 2327 479 2414 incolarum
507 2327 653 2423 virtus,
673 2325 781 2428 'quid
805 2329 945 2404 ducum
968 2329 1167 2427 prudentia
1184 2329 1347 2415 ualeret.

272 2451 672 2550 Quanquam'Gothica
695 2455 794 2529 bella
812 2479 888 2528 ιιοιι
905 2453 1005 2552 aliud
1023 2451 1130 2526 fuere
1148 2451 1219 2525 nisi
1237 2475 1348 2550 preca

148 2589 159 2610 ⁴
235 2640 236 2644 ,
270 2574 416 2650 ludium
442 2576 687 2668 certaminum
711 2580 829 2652 multo
853 2579 1058 2671 maiorum,
1093 2575 1346 2673 slavicorum,

271 2699 440 2797 inquam,
466 2698 601 2797 quibus
625 2698 714 2774 inde
739 2700 944 2778 aMauritii
966 2700 1128 2799 imperio
1148 2701 1350 2799 pecunius

145 2885 152 2932 ,¹
234 2844 239 2869 ²
272 2826 392 2900 seculi
423 2824 586 2922 spatium
621 2825 799 2898 continuo
827 2833 1008 2902 vexatam
1033 2849 1116 2900 esse
1141 2825 1350 2903 docuimus.

271 2949 317 3041 ln
346 2948 412 3023 his
436 2949 545 3030 bellis
576 2949 667 3024 urbs
698 2947 793 3024 haec
825 2949 1051 3046 Christiana,
1102 2947 1209 3052 cujus
1244 2950 1351 3026 inco-

269 3077 329 3152 lae
349 3077 425 3170 ¹diu
453 3085 560 3172 ante,
607 3076 640 3165 si
672 3074 737 3173 qui
767 3072 850 3166 alii,
888 3059 1110 3150 Diocletiani
1150 3083 1189 3150 et
1221 3074 1352 3150 Maxi-

269 3201 389 3278 miani·
433 3201 571 3279 Galerii
613 3198 793 3276 saevitiae
842 3198 941 3274 circa
988 3223 1094 3274 sacra
1143 3199 1352 3273 Christiana

269 3331 420 3428 strenue
443 3326 678 3418 restiterant,
713 3347 850 3399 aevum
875 3347 986 3397 suum
1015 3322 1122 3422 quasi
1150 3323 1352 3398 heroicum

190 3525 195 3544 x
267 3449 415 3546 agens,¹
423 3475 628 3558 nunquam
651 3448 805 3523 inferior
829 3446 966 3539 evasit3
1002 3447 1119 3522 immo
1142 3443 1352 3521 Thessalo-

267 3570 489 3646 nicensium
508 3574 769 3673 maximopere
806 3570 1011 3646 constantia
1047 3577 1087 3644 et
1116 3569 1257 3646 virtute
1287 3569 1350 3645 fa-

268 3705 371 3772 ctum
396 3705 474 3792 est,
515 3707 557 3772 ut
587 3700 661 3773 fine
693 3697 809 3772 seculi
834 3695 983 3794 septimi
1014 3691 1289 3770 Graecorum'
1276 3719 1354 3768 1m-

193 3807 195 3816 ’
245 3801 418 3920 'perator
457 3845 549 3896 cum
585 3825 756 3900 exercitu
801 3843 920 3918 usque
958 3821 1007 3895 ad
1037 3795 1385 3914 Thessalonicam„

266 3945 464 4046 progredi,
487 3946 776 4096 Sclavinosque
807 3943 905 4018 inter
930 3942 1276 4042 Constantinopolin
1311 3947 1352 4016 et
