2846 4770
498 376 808 430 nonnosum.
1123 382 1196 436 Gli!

195 525 465 608 livoribus-auditis
484 518 628 610 Maurus,
649 528 930 616 Constantinopolin
951 533 1116 617 proiectus,
1137 525 1250 598 tar-tt)

110 645 283 722 pacatorem
300 631 387 713 adiit,
408 647 441 697 ut
458 633 491 698 iu
510 633 639 719 matiam
658 649 797 721 acceptus
814 635 954 723 princeps
968 637 1068 702 fieret.
1095 637 1196 724 ipsius

109 755 215 806 tamen
238 737 343 804 hlauri
370 737 451 806 ilios
475 739 517 803 ad
543 737 611 824 pias
638 737 827 826 imperatorin
851 729 942 806 aures
969 740 1086 822 deiert,
1117 765 1197 828 quse

111 855 203 934 pater
227 844 377 913 adv'ersus
403 841 652 910 Thessalonicam
677 836 835 931 ipsumque
848 843 1017 910 Thraciam
1037 847 1197 914 meditatus
1327 921 1330 942 Ι

111 951 241 1030 suisset}
280 970 359 1034 quae
384 969 460 1015 vera
487 967 575 1032 esse,
604 949 674 1052 ipde
699 970 820 1033 quoquo
845 949 997 1034 cognitum
1024 963 1087 1033 est,
1117 953 1197 1038 qood

116 1057 257 1122 colueram
278 1055 379 1122 Mauri
398 1055 498 1122 soclus
517 1055 643 1140 ejusque
664 1076 777 1119 uxores
796 1054 921 1135 eodem,
951 1069 984 1118 ut
1002 1069 1112 1132 auten.
1141 1058 1199 1123 ho-

113 1185 189 1228 nore
207 1162 349 1246 prosequi
368 1185 428 1228 uon
445 1163 622 1229 desistebat.
651 1167 819 1248 Imperator
833 1159 973 1224 Maurum
989 1159 1054 1224 neci
1068 1183 1128 1226 ron
1143 1163 1199 1228 da-

116 1265 181 1346 dit,
211 1265 266 1330 sed
280 1265 440 1348 'dignitate
465 1266 602 1334 orbatum
627 1267 659 1333 iu
685 1262 861 1332 suburbium
887 1265 1037 1350 quoddam
1059 1267 1199 1352 cpolita—

115 1393 207 1451 uum,
242 1370 396 1436 aecomtati
415 1371 491 1436 satis
511 1371 697 1459 prospiciens
717 1369 818 1452 (μετὰ
839 1376 904 1436 τῶν
924 1369 1119 1460 ἀσφαλῶν),
1147 1399 1199 1448 tc·
1219 1355 1225 1376 ⁸

117 1474 251 1560 legavit,
273 1489 402 1559 atquae
423 1459 613 1562 praefectura
633 1491 664 1542 et
683 1475 810 1558 militia,
832 1497 922 1562 quan
942 1475 1093 1562 hahebat,
1112 1501 1199 1546 amo·

115 1579 164 1646 vit
182 1581 268 1665 (ΛΑ.
288 1583 346 1647 SS.
365 1581 388 1646 Ι.
405 1605 429 1646 c.
451 1602 519 1666 cap.
538 1579 651 1663 207).“
786 1657 788 1662 ,
1012 1649 1015 1660 ,

160 1687 163 1692 ’
198 1684 354 1750 Habemus
373 1709 415 1754 ex
435 1685 521 1753 Actia
545 1691 722 1754 Sanctorum
746 1682 845 1750 ultimi
872 1683 947 1750 belli
973 1685 1099 1772 petitam
1127 1709 1200 1754 nar·

116 1787 281 1871 rationem,
303 1792 401 1876 qood,
422 1813 601 1877 quamquam
621 1815 681 1855 non
701 1789 818 1876 erupit,
839 1804 939 1855 tamen
960 1789 991 1854 in
1012 1813 1049 1856 eo
1070 1805 1146 1874 erat,
1166 1805 1200 1858 nt

116 1893 271 1960 civitatem
292 1895 352 1962 nisi
371 1910 538 1979 moneret,
559 1910 657 1960 tamen
680 1893 819 1961 barbaris
839 1895 1033 1961 habitandam
1055 1897 1199 1972 traderet.

107 1999 144 2066 ·li
171 1997 293 2084 quinam
318 2000 459 2083 fuerint„
478 2013 558 2066 tacet
584 2009 628 2064 ut'
643 1998 704 2064 alia
726 2006 901 2088 anonymus
921 2001 1012 2084 hujus
1033 2000 1107 2066 belli
1127 2023 1200 2066 uar-

111 2119 208 2174 rator.
248 2107 375 2170 Praeter
394 2106 523 2189 gentiles
543 2104 674 2170 maxime
695 2104 876 2170 christianos
897 2103 1033 2170 homiues
1054 2129 1094 2172 ex
1109 2109 1200 2172 Ava-

112 2210 163 2276 ria
181 2206 319 2274 cuberus
336 2213 522 2293 Maurusque
541 2209 573 2274 in
592 2208 803 2274 Macedoniam
823 2209 1025 2276 adduxerant.
1065 2211 1093 2276 li
1109 2211 1199 2278 chri-

111 2311 208 2381 stiani
228 2308 297 2377 nou'
308 2312 360 2378 alii
380 2311 453 2378 mihi
467 2312 608 2378 videntur
621 2336 709 2398 quam
724 2313 844 2393 Graeci,
865 2335 941 2396 quos
957 2315 1083 2400 patriam
1098 2339 1195 2399 suam,

110 2414 375 2499 Thessalonicam,
396 2415 529 2502 inquam,
552 2415 841 2500 Constantinopolin,
858 2417 1009 2483 Thraciae
1022 2419 1124 2500 urbes,
1142 2443 1199 2484 ve·
1269 2481 1273 2490 ,

112 2524 270 2590 hementer
288 2521 469 2607 appetiisse,
489 2543 563 2608 pag.
577 2523 729 2586 xcvttl.
745 2519 884 2602 legimus:
920 2525 982 2586 Eos
997 2523 1198 2590 Thessaloni-

111 2651 166 2692 cae
176 2650 234 2692 non
246 2627 423 2692 metuendos
434 2626 528 2694 luisse
539 2641 626 2713 puto;
643 2640 673 2690 et
683 2642 797 2710 partem
808 2647 909 2692 eorum
918 2628 1089 2712 praelectus
1098 2629 1199 2696 Thes·

109 2730 307 2796 salonicensis
324 2730 434 2816 Gpolin
454 2745 524 2795 ante
541 2729 643 2797 Mauri
666 2727 793 2794 insidias
817 2731 1035 2800 transmiserat.
1071 2737 1200 2801 Roaiam

111 2835 234 2901 barbari
254 2835 402 2922 gentiles,
425 2860 500 2921 quos
519 2839 662 2900 Actorum
684 2832 816 2898 narratio
837 2831 897 2900 non
918 2837 1138 2922 praetermittit,
1159 2839 1201 2904 li·
1262 2899 1266 2910 ,

111 2955 160 3007 cot
181 2941 349 3007 nominibus
369 2965 491 3024 eorum,
522 2937 601 3027 quod
623 2938 803 3019 dolendum,
831 2963 890 3005 uon
913 2941 1072 3028 appositis.
1119 2947 1201 3010 Pau·

110 3047 210 3112 ciores
236 3070 291 3112 eoa
317 3047 442 3112 Graecis
475 3045 645 3114 christianis
671 3043 785 3124 fuisse,
830 3050 1005 3134 anonymus
1034 3045 1201 3132 significat.

113 3157 239 3236 lamque
256 3151 471 3238 interroganti,
495 3151 617 3239 quinam
636 3150 659 3214 ii
679 3147 802 3213 barbari
824 3147 953 3228 luerint,
975 3149 1127 3233 Bulgaroa
1143 3173 1202 3238 po·

111 3255 260 3321 tissimum
273 3255 368 3322 fuisse
383 3257 594 3341 respondebis:
608 3253 755 3340 siquidem
768 3253 859 3317 duces
871 3253 1074 3338 expeditionis
1086 3257 1203 3340 Balga-

109 3361 138 3428 ri
155 3361 217 3425 duo
232 3365 328 3442 fuere,
351 3361 489 3428 Guberus
506 3380 534 3428 et
547 3365 686 3426 Mauros.
717 3355 742 3421 li
760 3379 831 3421 vero
845 3357 936 3438 (alios
950 3351 1203 3444 burharoa'igoo·

110 3469 160 3545 ro)
181 3465 373 3550 occupandae
391 3464 628 3532 Thessalonicae
648 3485 736 3550 peres
757 3483 825 3525 esse
843 3459 924 3525 haud
943 3477 1090 3547 poterant.
1124 3467 1200 3530 Erat

109 3569 215 3652 itaque
236 3569 468 3652 confugiendum
489 3571 527 3635 ad
546 3567 706 3636 Sclavinos
724 3566 963 3632 Thessalonicae
985 3556 1197 3648 conterminos,

109 3673 264 3740 hominum
290 3675 479 3742 multitudiue
505 3676 659 3743 florentes.
708 3672 751 3736 lis
772 3692 876 3736 carere
898 3694 957 3736 non
978 3685 1095 3757 poterat
1117 3669 1195 3734 But·

108 3802 253 3863 garonam
285 3801 341 3865 par
371 3771 565 3848 memoratum
598 3779 639 3844 ad
670 3776 896 3864 opprimendam
926 3775 1195 3858 Thessalonicam,

109 3905 239 3969 eamque
255 3906 322 3949 cum
335 3885 516 3952 Macedonia
531 3883 689 3950 tenendam
695 3908 706 3962 3
730 3881 826 3946 miuus
847 3881 936 3946 etiam
958 3881 996 3944 ad
1016 3879 1196 3966 impugnan-

108 3989 180 4054 daaa
200 3989 378 4072 Thraciam,
402 3989 528 4072 Asiam,
548 3985 842 4074 Constantinopolin.
891 3985 978 4052 Unde
1000 3983 1057 4051 hoc
1077 4007 1196 4072 quoquc
