2834 4772
60 365 146 466 rra]
304 386 486 440 mauman
515 391 654 444 vrnrnn
681 387 890 446 uernaunr.
1060 361 1135 456 tta

60 539 130 628 ςίιιε
151 539 250 626 spatii
273 523 485 622 edrigubs'lr'sr
514 541 547 608 id
571 503 653 628 quod
670 543 775 610 Atraci
796 500 975 630 (Gunitaae)
1003 551 1139 636 apprimo
1203 571 1204 576 ¹

61 645 211 713 convenit.
251 647 318 710 Nec
336 644 434 711 minus
452 645 564 712 clarum
576 647 639 732 jam
657 671 725 713 esse
741 647 872 733 videtur,
892 652 1028 739 copiosas
1048 659 1140 742 hujus
1243 649 1247 658 ‘

59 749 216 816 marmoris
234 749 268 814 in
285 748 386 814 vicina
406 748 586 816 Macedonia
606 753 748 838 reliquias
770 757 899 834 (Clarke
919 761 945 848 Ι.Ι
963 781 991 824 c.
1012 784 1044 847 p.
1063 765 1139 829 356.

65 852 231 941 Gousiniry
251 876 374 942 voyage
395 856 470 922 Vol.
488 859 514 922 1.
534 861 607 944 pag'.
628 859 713 940 82.),
734 860 879 948 imprimis
900 865 1034 950 copore,
1061 889 1139 953 quae

61 959 153 1026 hodie
169 958 214 1027 ihi
234 971 379 1023 terrarum
400 961 440 1024 ad
460 960 605 1026 cisternas
625 979 789 1050 puteosque
808 967 917 1034 insumi
937 973 1051 1054 solent,
1078 999 1140 1041 non

58 1090 162 1134 omnes
188 1089 209 1131 e
234 1066 432 1130 monumentis
460 1064 530 1130 aeui
558 1067 726 1150 remotioris
746 1070 813 1136 sive
832 1073 973 1156 gentilitii
994 1079 1140 1160 originem

58 1170 207 1236 traxisse:
237 1185 357 1256 praesto
378 1185 462 1264 erant
483 1171 662 1237 Thessaliae
682 1175 819 1257 metalla,
846 1201 924 1262 quae
944 1183 1042 1246 medio
1061 1206 1139 1251 aero

57 1297 209 1360 nunquam
231 1298 291 1338 non
311 1275 445 1338 exercita
465 1275 560 1340 fuisse
581 1290 668 1363 puto,
691 1301 858 1364 quanquam
879 1298 946 1371 post
966 1289 1139 1356 Constanti·
1245 1323 1248 1330 ·

59 1402 132 1444 num
152 1379 442 1468 Porphyrogenitum
464 1383 541 1459 (see.
560 1365 625 1462 X.)
651 1397 786 1448 veterum
807 1387 982 1476 scriptorum
1004 1393 1162 1461 testimo-1

58 1483 112 1550 nia
131 1483 281 1550 desidero.
300 1481 340 1562 *J
380 1483 442 1548 Sed
467 1485 623 1550 marmoris
648 1486 755 1554 viridis
781 1492 933 1558 columnas
959 1485 1138 1583 tabulasque
1213 1486 1216 1494 ,

61 1588 154 1653 hahet
178 1589 267 1656 etiam
293 1588 503 1654 monasterium
529 1593 564 1655 S.
585 1594 704 1657 Laurae
730 1618 757 1662 s.
780 1599 939 1666 Athanasii
959 1603 1138 1689 A‘lronitae,

57 1693 224 1776 vulgariter
254 1695 289 1758 S.
313 1695 424 1759 Locro
453 1693 584 1778 dictum,
617 1697 888 1783 splendidissimum
917 1705 1001 1772 illius
1029 1712 1139 1776 montis

56 1797 322 1882 monasteriorum,
361 1802 507 1866 referente
536 1803 685 1874 Britanno¹
712 1805 807 1868 Hune
838 1809 917 1892 apud
947 1813 1138 1898 Walpoliunr

52 1903 90 1968 in
103 1903 253 1968 Metanira
267 1918 325 1969 etc.
347 1903 478 1969 Londini
489 1907 580 1971 1817.
599 1930 629 1994 p.
641 1909 716 1981 221.
745 1910 904 1974 conditum
919 1911 975 1976 luit
993 1915 1051 1980 lroc
1069 1942 1135 1985 mo·

56 2007 222 2096 musterium
248 2008 463 2096 imperantibus
489 2008 659 2095 Nicephuro
680 2012 781 2076 Phoca
801 2027 831 2077 et
850 2017 966 2080 Joanne
987 2009 1136 2112 Tziripisca

53 2117 105 2196 (a.
122 2113 347 2192 963-976.),
369 2127 496 2180 testante
513 2117 563 2177 Jo.
578 2115 731 2179 Gomneno
750 2115 780 2180 in
797 2120 1005 2207 Descriptione
1025 2130 1134 2194 montis

52 2217 141 2283 Atlio
167 2216 220 2295 (ad
247 2215 358 2280 calcem
374 2217 608 2283 Montefalconii
628 2219 785 2304 Palaeogr.
805 2225 913 2290 Graec.
931 2229 1133 2315 pag.,452.);
1176 2229 1186 2239 ’

51 2323 95 2387 de
115 2345 171 2408 quo
190 2336 322 2408 tempore
343 2318 561 2386 aedificationis
582 2322 671 2406 hujus
691 2325 795 2388 sacelli
816 2329 996 2398 eonferenda
1017 2359 1135 2422 quoque

53 2426 206 2516 Anonymi
227 2426 351 2490 historia
372 2450 427 2490 ms.
448 2427 528 2513 apud
548 2427 672 2491 Hasium
693 2429 733 2493 ad
748 2432 881 2496 Leonem
899 2436 1061 2504 Diaconum
1084 2443 1134 2510 ed.

49 2536 154 2598 Boon.
170 2554 201 2617 p.
215 2531 289 2596 426.
332 2531 483 2595 Atracium
504 2528 563 2594 lroc
583 2554 717 2596 marmor*
730 2556 808 2617 esse,
823 2535 883 2620 aa)
895 2540 1064 2618 ¹Thessalia
1084 2546 1134 2610 vi·

50 2635 124 2700 e'ina
142 2635 259 2714 suadet,
281 2649 311 2698 et
331 2633 472 2714 mirabor,
494 2631 600 2696 sinon
621 2633 738 2699 inaliis
759 2660 877 2724 quoque
899 2643 1031 2726 ejusdem
1049 2672 1150 2714 mon-1

48 2742 91 2806 tis
113 2731 300 2805 monasteriis
321 2741 399 2803 idem
421 2761 548 2802 marmor
569 2739 689 2825 saepius
709 2743 861 2810 inventum
883 2749 1043 2831 aliquando
1066 2753 1134 2819 sue·

48 2845 112 2926 rit;
142 2867 309 2929 quanquam
337 2841 376 2907 de
402 2867 438 2906 eo
465 2857 611 2915 tacentem
639 2843 728 2909 video
756 2851 786 2914 J.
809 2851 993 2916 comnenum
1019 2855 1049 2921 in
1077 2857 1153 2924 sua‘

48 2949 164 3014 montis
190 2949 268 3017 Atho
297 2946 508 3032 descriptione.
555 2948 618 3012 Sed
643 2951 853 3020 scrutabuntur
879 2957 973 3022 futuri
999 2961 1133 3028 viatores

48 3053 155 3134 docti,
184 3066 313 3117 montem
333 3055 474 3116 Sanctum
495 3051 640 3116 adeuntes
649 3083 663 3134 ,¹
687 3054 739 3139 qui
757 3057 809 3120 vel
834 3079 882 3123 me
901 3083 968 3145 &non
994 3083 1134 3132 monente

44 3156 304 3237 animadvertent,
322 3157 436 3238 sacella
455 3154 513 3220 ista
534 3177 600 3220 curn
620 3157 755 3223 ecclesiis
775 3161 982 3231 Macedonicis
996 3165 1082 3252 (aaa)
1102 3181 1134 3238 et

47 3263 299 3281 ——nr—-n

85 3306 117 3373 ⁴⁸)
135 3308 304 3365 Errmathius
322 3309 445 3374 (uixisse
468 3308 573 3366 dicitur
616 3311 789 3370 multicolor.
820 3317 901 3371 Idem
926 3315 997 3374 ibid.
1020 3339 1050 3394 p.
1075 3327 1134 3382 ηις

44 3410 125 3448 aevo
154 3396 388 3467 Coronaeorum)¹
405 3397 442 3450 de
468 3395 572 3450 amori·
623 3397 665 3454 Τὰ
685 3395 817 3456 κὺκλοθεν
835 3399 941 3476 ἐκόσμει
955 3405 1004 3463 roi·
1016 3412 1135 3485 φρέατος

42 3483 108 3535 bus
128 3483 199 3534 Iam.
215 3483 236 3534 1.
258 3497 286 3550 p.
305 3484 331 3536 9.
350 3481 396 3535 erl.
415 3480 570 3538 certamin:
619 3491 703 3554 λίθος.
718 3477 798 3558 llice,
822 3489 838 3547 ὁ
859 3497 887 3549 ta
906 3501 1060 3574 Λακαίνης,
1085 3505 1133 3564 aaz

42 3569 148 3630 Λίθος
166 3553 198 3638 ἦν
216 3561 231 3621 ὃ
252 3562 344 3635 strar,
363 3569 444 3633 λίθος
462 3575 572 3627 exuror·
623 3577 756 3647 θεημλὸς
775 3586 915 3657 ἑτέρωθεν,

41 3655 171 3731 vitrove
196 3661 224 3714 ἐκ
252 3657 384 3725 assentire
402 3661 496 3718 tiano.
537 3666 571 3717 1¹¹
652 3671 699 3738 r.)
725 3672 832 3729 Aeacii
860 3681 1009 3750 marmoris
1032 3697 1133 3739 'amco-

40 3765 108 3818 qmo
123 3747 270 3803 Emmathii
285 3750 359 3816 loco,
373 3757 516 3820 corrupto,
539 3747 569 3802 ni
616 3757 742 3828 phagum
778 3761 1022 3836 Oonstmrtinopoli
1060 3767 1133 3825 cidit

39 3832 136 3888 fallor
154 3831 235 3904 (quid
252 3836 388 3898 ostiliter
401 3839 429 3890 ἐκ
441 3836 568 3905 lidori),
617 3841 747 3898 Clarkius
765 3843 891 3902 ltitrerar.
911 3853 974 3904 Vol.
985 3856 1012 3906 t.
1030 3871 1057 3922 p.
1071 3858 1132 3912 478.
1236 3875 1238 3879 ’

37 3919 194 3974 incertum
211 3926 267 3988 est,
283 3936 352 3974 uum
363 3921 455 3978 viride
468 3941 569 4006 saxum
591 3960 600 3970 κ
642 3925 706 3992 aar)
726 3933 831 3984 Decem
847 3935 992 3990 columnas
1007 3955 1132 3997 marmo-

38 4001 266 4078 Tnersuicurr,
297 4003 491 4080 significetur,
531 4027 569 4068 an
616 4012 797 4076 rioretemrm
808 4015 908 4076 uiridis
923 4021 1009 4080 habet
1023 4035 1131 4085 metro·
