2834 4772
110 273 206 366 ¹¹61
309 280 563 348 ἀοευευιιιοε
590 299 989 354 τιειυεεειονιοειιειε.
1118 281 1196 370 30¹1

111 445 190 516 ἀσει
219 447 276 516 καλ
306 447 554 533 ἐπαποθανεῖν,
591 453 646 518 καλ
660 433 755 545 αὐτῇ
776 456 1026 544 συναποθανεῖν
1051 459 1092 553 τῇ
1119 464 1197 546 76-

109 553 240 640 κότητι.
286 551 426 635 Ἤθους
451 560 487 624 δὲ
510 553 687 644 κοσμιότης
715 561 771 626 καὶ
795 560 978 686 χρηστότης
998 561 1124 690 τρόπου
1137 573 1197 638 καλ

112 665 308 754 προαίρεσις
335 661 534 744 ἐθελόκαλος
563 667 626 734 τίνι
655 673 721 734 τάν
751 661 909 735 ἀπάντων
936 667 979 748 ὡς
1008 671 1113 766 τούτῳ
1140 682 1197 744 καλ
1272 679 1274 682 ’

110 776 212 866 φίλον
228 775 341 862 χρῆμα
361 777 415 842 και
438 769 684 859 σεμνολόχημα;
703 770 810 860 Ἄλλην
830 781 892 860 μέν
906 773 973 863 χάρ
989 775 1069 847 ἀλλά
1085 806 1116 850 τι
1129 787 1196 852 τῶν
1304 811 1310 828 ³

112 884 358 964 ἐπαινουμένων
377 879 602 1010 κατόρθωμα·
633 879 652 951 6
674 887 709 951 δέ
728 887 794 952 καὶ
804 883 936 952 δυσίν’
916 891 1097 974 αρεταίνιιν
1122 887 1198 978 ἀρι-

111 1011 195 1067 στος
219 983 316 1068 οὗτος
343 987 421 1079 παρ’
451 989 532 1077 η’μῖν
559 995 614 1058 καί
642 987 847 1076 θαυμάσιος.
888 991 1073 1088 Εάσταθίῳ
1095 1000 1130 1064 δέ
1150 1001 1198 1085 τῷ

109 1093 203 1166 πάνυ
222 1093 368 1164 πάνθ’
351 1101 435 1185 ομοῡ
454 1097 497 1168 τά
518 1095 680 1168 κάλλιστα
701 1093 908 1166 συνελθόντα
933 1064 1064 1190 εὖθαλελ
1084 1103 1197 1195 παρά

110 1208 224 1273 δεισον
249 1203 468 1296 ἀπετέλεσαν,
495 1207 622 1286 πάοαις
649 1213 710 1294 μὲν
736 1205 863 1294 ἀρετῶν
888 1208 990 1286 ἰδέαις
1015 1214 1198 1300 περιβριθῆ

108 1317 172 1380 καλ
192 1310 395 1401 κατάκομον,
415 1325 553 1404 καρποῖς
574 1312 704 1408 ὡραίοις
725 1310 1022 1406 ἕνευθηνοάμενον,
1051 1323 1198 1410 φέροντα

110 1425 150 1488 δὲ
178 1414 263 1488 ἀλλά
289 1428 344 1490 καλ
368 1421 407 1494 τό
429 1428 487 1514 τῆς
507 1422 656 1510 γνώσεως
676 1421 786 1506 ξύλον,
815 1424 969 1511 γυναικός
989 1428 1024 1491 ἀὲ
1045 1431 1119 1514 δίχα
1140 1431 1198 1498 καί

89 1525 235 1623 ,ὄφεως
277 1523 321 1598 Ὠ
348 1530 463 1610 καινός
489 1522 584 1610 οὗτος
613 1529 829 1622 παράδεισος,
862 1525 948 1618 ἐνῷ
976 1529 1111 1624 φθόνος
1135 1541 1198 1623 μέν

111 1634 221 1720 ἀπῆν,
253 1639 461 1726 ψιθυρισμὸς
482 1643 515 1709 ἀὲ
535 1636 594 1711 οὐκ
613 1628 671 1771 εἶν,
701 1641 817 1710 οὐδὲ’
797 1639 910 1724 απάτη
938 1647 995 1710 καὶ
1020 1640 1200 1731 χάμνυσις.

113 1746 166 1814 Οὐ
180 1741 248 1834 μὴν
265 1741 336 1816 ἀλλ
357 1743 467 1815 066‘
451 1774 468 1817 υ
492 1757 548 1834 τῆς
567 1747 715 1834 χνοίσιιος
734 1747 862 1837 καρπός
881 1748 1098 1839 ἀπηγόρευτο,
1120 1750 1199 1827 ἀλλ

111 1853 301 1941 έτρύχησιιν
327 1861 389 1942 μὲν
413 1859 446 1923 οἱ
469 1861 599 1940 πολλοί,
632 1862 688 1925 καὶ
715 1881 759 1936 εις
785 1854 886 1944 κόρον
912 1861 1199 1946 έβρωματέσαντο,

107 1965 172 2032 τοῦ
202 1959 393 2054 φυτηκόμου
418 1959 610 2046 κελεύοντες,
640 1969 695 2032 καὶ
723 1963 797 2032 οὐδέ
826 1963 886 2031 τοῦ
912 1960 1007 2046 ξύλου
1033 1965 1091 2047 τῆς
1115 1967 1198 2049 ζωῆς

109 2067 396 2153 ἀπεκλείσθησαν.
445 2072 513 2158 Τὴν
538 2075 572 2140 δέ
597 2069 716 2158 λοιπὴν
744 2077 804 2138 τοῦ
830 2073 984 2196 6666604·
1006 2069 1106 2158 χάριν
1126 2075 1197 2154 πῶς

110 2176 158 2247 ἀν
174 2178 462 2272 ἀςυηχησαίμην,τ
444 2174 509 2248 υπό
524 2205 583 2248 του
568 2176 770 2258 πάθως’
752 2173 1032 2266 ανακοπτόμενοςς
1062 2171 1104 2246 Ω
1119 2183 1198 2261 νοῦς

108 2284 282 2376 αἰθέριος·
314 2274 339 2353 6
360 2290 478 2379 φρένες
499 2291 695 2376 στερεμνιοι
721 2279 746 2354 6
767 2284 956 2378 φρονήσεως
973 2289 1136 2374 μέγεθος·
1168 2275 1195 2355 6

102 2401 238 2486 χειλέων
252 2393 446 2482 γλυκύτητες
462 2399 555 2482 μέχρι
570 2401 625 2463 και
641 2393 745 2482 μόνου
765 2392 1020 2526 προσρήματος
1049 2382 1074 2462 6
1092 2402 1197 2482 χεῖρες
1304 2425 1307 2436 ·

109 2511 226 2574 καλαὶ
234 2512 294 2592 μέν
316 2503 404 2583 κατά
432 2505 492 2582 τὰς
514 2501 597 2590 πρὸς
622 2502 743 2571 θεόν’
727 2502 888 2585 εκτάοεις,
911 2496 962 2582 οἷς
981 2509 1030 2596 τῷ
1050 2505 1120 2589 λαῷ
1136 2505 1198 2572 τόν

108 2609 227 2701 κόριον
242 2614 340 2700 ἐξηυμ
343 2615 454 2695 έ·νιζον
474 2617 575 2682 καλαι
589 2617 624 2680 δέ
644 2591 701 2680 καλ
717 2612 776 2681 τάν
792 2616 931 2701 κρουνὸν
942 2638 1006 2680 του
991 2606 1166 2691 ἐλέους,ι
1156 2605 1197 2680 όν
1269 2665 1270 2670 1

109 2728 303 2807 πενομένοις
327 2719 496 2808 ὲπὴχαζον.
538 2713 581 2788 Ω
602 2714 688 2790 καλά
710 2720 820 2790 πάντα
842 2725 898 2788 καί
919 2717 1001 2808 πρός
1020 2715 1122 2788 ἑαυτά
1141 2723 1197 2788 καλ

108 2828 197 2918 πρὸς
214 2827 346 2914 ἄλληλα,
368 2836 423 2898 καὶ
444 2827 486 2909 ὡς
506 2825 589 2918 λάρα
614 2854 659 2908 τις
677 2823 699 2916 6
718 2827 848 2916 κιθάρα
869 2832 975 2906 καλῶς
992 2825 1075 2918 πρὸς
1090 2827 1198 2917 ἀραο-

111 2941 192 3006 νίαν
208 2939 290 3024 μίαν
305 2937 577 3029 ξυναρμοζόμενα.
610 2926 655 3006 Ὦ
671 2940 799 3023 γλυκεῖα
815 2933 999 3026 προσλαλιά
1020 2940 1074 3003 καλ
1095 2939 1197 3022 βλίμ·

112 3073 167 3134 μα
185 3053 346 3136 προσηνὲς
362 3051 416 3115 καὶ
433 3037 599 3135 μειλίχιον.
640 3043 731 3113 Εἰά
753 3045 843 3114 ἔστιν
863 3036 903 3113 06
919 3048 974 3112 καί
992 3042 1076 3129 πρός
1093 3043 1198 3122 ένίους

111 3152 382 3241 ὑπεδριμάοσετο,
406 3151 491 3222 ἀλλά
511 3157 663 3222 ἐνταῦθα
683 3149 723 3222 τό
744 3151 881 3240 ἀρχικὸν
902 3147 1198 3236 ὑπεραπολοχεῐται
1241 3165 1243 3170 ⁴

113 3265 212 3331 τοῦδε
232 3267 291 3329 τοῦ
311 3264 520 3346 θαυμασίου,
541 3267 595 3330 καί
616 3257 655 3330 τό
671 3265 751 3339 τέως
769 3260 917 3346 ἔγκλημα
935 3263 1004 3337 τοῖς
1019 3252 1199 3342 κατορθώ-
1317 3251 1319 3255 ’

114 3393 203 3458 μασι
231 3377 476 3460 συνεισέρχεται.
516 3367 644 3463 Ῥόβὸῳ
671 3375 732 3456 μὲν
760 3366 825 3456 μάρ
850 3365 907 3434 οὐκ
933 3352 974 3453 ἦν
998 3361 1200 3453 χρήσασθαι
1236 3416 1238 3422 -
1287 3451 1295 3464 ἱ

114 3475 179 3546 τόν
208 3474 252 3556 εἰς
277 3481 462 3566 βακτηρίαν
486 3478 610 3560 ταύτην
635 3478 885 3567 ἐχχειρισθίντα
905 3476 960 3540 καλ
981 3474 1046 3542 τοῖν
1068 3473 1201 3558 ἐπιβου-

116 3582 277 3655 λευόντων
292 3585 475 3719 ίλάτειραν,
495 3582 582 3670 λόγῳ
600 3587 635 3651 δέ
650 3588 707 3650 καὶ
720 3585 888 3669 βλέμματι
905 3582 1023 3664 πλῇξαι
1040 3577 1099 3648 τόν
1115 3575 1202 3645 ἀτα·

116 3695 279 3778 κτοῠντα,
308 3695 407 3764 καλ’
388 3694 520 3774 απόνυις
544 3691 703 3781 άρτιάσαι
727 3689 786 3759 τὸν
809 3687 1048 3777 ἀπυσχάζοντα.
1094 3689 1202 3752 Τοῦτο

117 3803 155 3868 δέ
181 3798 268 3868 ἀλλά
294 3797 391 3870 καλ“
375 3829 393 3870 ο
419 3796 566 3891 Χριστός
593 3803 692 3868 ἐποίει
717 3801 791 3916 περί
820 3795 895 3876 τοὺς
921 3794 1203 3871 ἀπαιδευτούντας

120 3903 213 4002 ἀμφὶ
231 3905 270 3977 τό
291 3904 389 4061 ίερόν.
427 3908 480 3980 06
499 3937 544 3998 μη
535 3907 666 3977 πλέον
690 3873 752 3988 ἣν
755 3907 823 3972 ἐκεῖ
844 3902 883 3973 τά
909 3902 1128 3996 φραχχέλιον,
1157 3895 1201 3982 ὡς
