2834 4772
66 346 145 447 11.]‘
263 347 516 437 tusum-mus
544 367 941 419 τυεεεειοσιοεωειε.
1065 341 1142 416 415

66 545 194 604 σονται,
215 509 295 610 άπερ
309 516 625 589 ἀντικαθίστασθαι
640 523 772 605 βασιλεῖ
783 518 920 614 τοιούτω
936 515 1144 607 βεβούληται·

66 629 105 709 ὃς
122 629 195 715 άμα
211 631 369 713 ἐπένευσε,
389 633 444 698 καί
459 630 647 712 πεποίηκεν·
674 628 817 711 έλάλησε,
838 633 892 696 καί
907 627 945 695 τὸ
963 637 1146 718 ἐπιταχθέν

66 741 262 806 τετέλεσται.
310 739 472 823 Κρινούσι
504 740 539 804 δέ
570 732 663 803 αύτοί
692 739 747 804 καὶ
775 739 919 822 γελοίους
946 737 1147 828 ἀνθρώπους

66 846 226 924 έκείνους,
262 846 294 912 οἳ
318 846 382 932 γῆν
409 837 555 916 άπασαν,
573 851 621 930 τῷ
646 847 807 929 βασιλικῷ
833 841 945 929 κράτει
972 847 1147 931 βλέποντες

66 949 339 1030 ύποκύπτουσαν,
368 949 460 1020 αύτοί
482 953 741 1040 καταθαρῥούσι
760 948 956 1036 θαλάσσης,
983 958 1038 1022 καί
1057 979 1149 1039 νησι-

67 1067 145 1131 δίων
170 1067 299 1148 κρατεῖν
319 1056 567 1146 ἐπιβάλλονται,
587 1061 727 1146 ώσείπερ
748 1057 792 1152 μὴ
815 1059 870 1128 καί
891 1061 951 1141 τάς
970 1062 1091 1151 νήσους
1112 1063 1149 1134 τά
1263 1092 1264 1096 ’

66 1173 128 1252 τῆς
154 1171 214 1256 γῆς
236 1167 344 1241 ὄνομα
363 1164 560 1238 ὠκειώσατο·
595 1166 637 1246 ώς
662 1172 817 1237 ἐντεῦθεν
839 1171 1028 1258 λείπεσθαι,
1049 1170 1070 1256 ἢ
1090 1178 1148 1242 καί

65 1280 127 1364 τῆς
153 1272 366 1362 ποθουμένης
393 1274 530 1355 τούτους
554 1272 734 1359 θαλάσσης
764 1270 978 1362 ἀπάγεσθαι,
1015 1274 1036 1361 ἢ
1062 1259 1158 1347 άλλάῖ

66 1381 303 1455 καταδύεσθαι
322 1379 368 1460 εἰς
386 1377 549 1468 βυθὸν,’λί
571 1388 626 1452 καί
645 1387 827 1476 πείσονται·
847 1383 892 1462 ώς
910 1384 1072 1471 μηδέννύη
1090 1385 1150 1456 αύ-

65 1497 138 1572 τοῖς
160 1489 260 1579 μετὸν
285 1494 372 1574 μηδέ
392 1493 451 1572 τῆς
473 1487 719 1582 άμφικλύστου,
748 1491 806 1573 τῆς
826 1494 1030 1577 νησιωτίθος,
1058 1496 1149 1566 ἔνθα

66 1606 131 1690 γίς
147 1595 282 1680 άπάσης
301 1595 467 1686 μόναρχος
480 1594 564 1686 μετά
581 1623 618 1684 γε
637 1595 724 1665 θεὸν
745 1591 764 1665 ὁ
782 1593 936 1687 ἡμέτερος
956 1603 1122 1688 βασιλεύς.

153 1708 206 1773 12.
242 1709 401 1788 Κείσηιαι
441 1731 500 1792 μοι
534 1710 634 1795 μέρος
670 1706 824 1774 ἐνταῦθα
856 1714 915 1790 τῆς
952 1705 1147 1801 ἀφηγήσεως

49 1821 124 1887 «καὶ
153 1811 193 1884 τά
222 1815 283 1882 τού
310 1809 412 1904 ῥηγός
447 1808 692 1901 μεγαλώνυμον,
729 1810 767 1892 ὃς
796 1816 830 1896 έξ
856 1815 1066 1905 Ἰερουσαλήμ
1103 1828 1148 1899 είς
1249 1897 1259 1914 .

66 1924 158 2013 ἡμᾶς
186 1925 320 2014 έδραμε,
350 1923 435 2016 ἀκοῇ
461 1947 495 1989 τε
519 1923 832 2004 καταπεπληγμένος
856 1927 911 1989 καί
933 1923 1053 2014 ἔργοις,
1082 1956 1149 2015 μα.

67 2029 196 2121 κρὸθεν
225 2028 263 2100 τὸ
290 2033 350 2099 τοῦ
375 2034 532 2118 βασιλέως
558 2026 836 2114 άξιοθαύμαστον
866 2031 1070 2116 επεγυωκώς,
1099 2029 1150 2114 οἷς

67 2140 272 2228 εὐεργέτητο,
301 2133 351 2218 οἶς
370 2134 621 2226 ουγκεκρότηιο·
662 2131 746 2220 ἀνὴρ
773 2139 828 2202 καί
855 2133 963 2217 άλλως
989 2148 1052 2227 μέν
1078 2131 1159 2224 τοῖς
1220 2174 1247 2236 ι,

69 2250 233 2326 ἐναντίοις
253 2248 425 2320 ἐμπίπτων
439 2243 558 2336 βαρύς,
579 2243 634 2312 διά
653 2247 688 2310 δέ
709 2249 768 2328 τῆς
787 2244 960 2328 βασιλικῆς
972 2250 1080 2337 χειρὸς
1094 2255 1150 2331 καλ

68 2356 259 2444 συνάρσεως
276 2354 495 2442 βαθυτάτους
515 2351 644 2444 τάφους
665 2352 855 2436 ὑπανοίγων
872 2357 918 2436 τῷ
937 2359 1046 2436 ἔθνει,
1079 2351 1152 2429 άσοι

68 2469 133 2537 τού
158 2461 332 2554 ζωηφύρου
352 2461 464 2554 τάφου
481 2462 695 2552 κατατολιιᾴν
716 2455 857 2541 ἤθελον·
896 2455 932 2540 ὃς
951 2467 1007 2529 καί
1027 2465 1150 2534 ἐπιθυ·

65 2571 178 2664 μήσας
202 2574 261 2658 τῆς
286 2579 373 2651 θέας
399 2575 561 2660 γενέσθαι
586 2568 646 2636 τοῦ
665 2563 924 2655 αὐτοκράτορος,
953 2570 996 2648 ώς
1017 2568 1058 2640 άίν
1078 2575 1149 2642 ἐπι.

68 2687 172 2750 πλέον
190 2685 390 2768 κρατυνθείς
409 2678 495 2747 κατά
517 2685 581 2747 τῶν
601 2676 708 2768 ἐχθρά
732 2675 944 2768 φρονούντων
961 2680 1049 2771 θεῷ,
1075 2677 1151 2750 οὔτε

69 2784 112 2860 τά
137 2795 195 2875 τῆς
214 2787 293 2858 ὁδοῦ
306 2785 418 2875 «τραχύ
436 2793 490 2865 καί
511 2783 602 2873 μάλα
623 2784 708 2853 πολὺ
728 2788 915 2870 ἐλογίσατο,
940 2785 1014 2854 ούτε
1035 2791 1154 2870 τὸτῆς

68 2899 202 2988 μακράς
217 2895 397 2978 θαλάσσης
415 2893 473 2966 ούκ
487 2895 549 2978 ἔξω
566 2891 717 2961 κινδύνου
734 2891 855 2980 ἤγαγεν
871 2898 922 2962 ίπί
938 2903 1026 2963 νοῦν.
1054 2892 1153 2966 Ἀλλά

69 3011 217 3092 θέμενος
243 2999 287 3082 είς
315 2985 409 3093 ούὸέν
433 3009 486 3072 καί
511 2999 702 3093 ἀμφότερα,
733 2998 764 3076 εἰ
784 3001 888 3088 μόνον
911 3002 1021 3095 ἐλθών
1043 3013 1100 3086 τῆς
1119 3014 1153 3073 ίν

68 3112 148 3209 εὐχῇ
168 3111 414 3202 προσκυνήσεως
433 3118 574 3198 γένοιτο,
601 3095 798 3197 προτίθεται
818 3108 906 3196 ὅμως
925 3109 985 3193 τήν
1004 3111 1060 3178 διά
1083 3119 1154 3180 θα-

67 3223 201 3304 λάσσης
216 3225 368 3307 πορείαν,
391 3219 451 3308 οὐχ
471 3219 523 3289 ὅτι
541 3223 679 3302 καλλίων
698 3216 787 3302 αὐτή·
803 3219 862 3284 τού
882 3220 1072 3308 πεζοφορεῖν
1088 3223 1154 3299 (τίς

67 3329 138 3422 γάρ
158 3332 217 3412 τῆς
236 3331 422 3417 στερεμνίου
443 3326 570 3416 βάσεως
590 3324 633 3396 οίν
652 3331 757 3395 ἕλοιτο
769 3316 885 3392 Ἅιδου
899 3331 1072 3411 πέτουρον,
1096 3331 1152 3396 καί
1172 3416 1179 3432 „

69 3442 135 3508 τοῦ
159 3439 321 3529 ἀσφαλῶς
347 3439 474 3525 βαίνειν
498 3430 536 3503 τά
558 3432 613 3500 διὰ
634 3435 830 3521 θανασίμου
851 3430 1154 3522 παραπετάσματος

68 3550 326 3627 στέλλεσθαιςλ·
357 3540 425 3613 ἀλλ’
443 3540 500 3610 ἵνα
523 3541 604 3629 ταχύ
624 3550 680 3630 τῆς
702 3542 861 3635 φιλτάτης
882 3539 988 3638 ὄφεως
1007 3546 1153 3627 γένηται.

68 3657 144 3722 Καί
165 3659 276 3722 τοίνυν
301 3655 366 3721 τών
387 3659 447 3736 μέν
470 3646 677 3740 περιὸράμων
698 3649 910 3738 ἀπαλλαγείς,
941 3648 999 3732 ολίς
1020 3651 1037 3720 ὁ
1056 3651 1153 3722 Ἰσσι-

71 3762 133 3841 κὸς
159 3763 274 3830 ἑλίσσει
300 3758 420 3836 κόλπος
446 3760 498 3826 καὶ
528 3753 566 3824 τά
586 3758 679 3843 πέριξ
699 3761 820 3828 ἐκείνου
839 3757 1020 3847 παράλιον,
1051 3770 1156 3830 επιτε·

70 3869 145 3959 μών
168 3872 202 3937 δέ
224 3868 285 3954 τήν
300 3867 520 3957 κυκλοφορίαν
534 3866 581 3956 τῷ
596 3870 749 3950 ίθαγενεῐ.
758 3877 819 3937 τοῦ
833 3866 950 3936 στόλου
971 3867 1102 3953 άνίμοις
1121 3895 1155 3938 τε

70 3982 255 4062 πομπίμοις
276 3979 332 4044 καὶ
347 3978 463 4063 χερσίν
476 3970 746 4067 έπισπευβούσαις
766 3975 825 4044 τάν
845 3979 957 4060 πλοῦν,
979 3967 1076 4062 ἦλθε,
1098 3975 1177 4048 καίΙ
