2834 4772
55 370 128 460 ια]
265 389 521 448 ευετετττισε
547 393 945 448 τωνεεειοοιοειιειε.
1064 373 1140 458 431

62 543 187 636 φωνῇ),
211 536 283 610 οἷον
303 538 342 629 δὴ
365 541 489 630 βροντὴ
514 552 640 636 πρᾳεῖα
658 523 846 638 οὐρανόθεν
869 553 993 632 σεμνῶς
1018 527 1139 632 §6766-

60 677 138 732 τοι,
159 649 198 718 οὐ
217 647 301 736 πρὸς
324 652 541 738 ἐμβρῖθειαν,
569 649 686 720 οὐδὲ”
665 675 751 737 αγαν
772 649 977 740 τραχύτητα,
1004 646 1084 723 ὅσον
1105 659 1140 734 δὲ

62 759 252 849 ῥοιζῆσαι’
234 765 291 848 ιγρέ
290 786 353 846 μα,
382 762 437 824 καὶ
461 761 617 886 ῖλαριῦς’
601 765 795 852 ιπιστρέψαι
816 763 862 847 τῷ
882 759 1063 859 περιτράνω
1084 761 1143 832 τόν

62 865 284 956 ἀκροώμενον.
330 865 528 948 Τοιοῦτον
511 868 649 961 ηρωϊκόν
674 867 754 958 ἦχον
778 866 1002 955 προβάλλεταῖ
1026 893 1078 938 σοι
1097 873 1139 950 τᾴ

65 983 126 1064 τῆς
150 979 279 1054 λαλιᾶς
326 977 397 1042 Καὶ
422 975 543 1065 τὰμὲν
566 975 610 1056 εἰς
632 974 818 1064 γλυκῦτητα
845 974 1020 1074 νοημάτων
1042 981 1139 1044 Μον-

64 1089 131 1153 σῦν
157 1089 325 1172 ἐμμέλειαν
348 1077 532 1170 προάγουσι
554 1111 607 1154 σοι
631 1086 672 1155 τά
691 1090 797 1172 χειλη·
826 1080 845 1150 6
868 1086 903 1150 δὲ
922 1088 1053 1168 πλιγγεῖς
1073 1084 1139 1173 άήρ

64 1190 110 1272 εἰς
132 1190 294 1280 βροντὴν,
325 1191 425 1280 τορόν
453 1202 532 1280 μὲν,
568 1199 611 1273 εἰς
643 1189 783 1287 φρικτόν
811 1196 845 1260 δὲ
868 1195 1050 1318 λαλοῦσαν,
1085 1193 1143 1270 τόν

63 1287 143 1388 ῖγγον
163 1297 382 1388 ἀπεσχεδίασε.
410 1303 480 1368 Καὶ
500 1309 565 1369 τῶν
587 1299 800 1388 ἀκροωμένων
819 1327 836 1368 ο
825 1295 953 1388 μέν’
933 1306 1142 1390 αμφοτέραις

63 1403 135 1478 οἷον
163 1405 382 1500 δρασσόμενος
407 1434 460 1478 σοι
483 1411 541 1479 τοῦ
565 1405 678 1495 λόγου,
713 1407 797 1501 άκοῇ
819 1416 879 1502 μξν
903 1416 961 1495 τῆς
982 1409 1139 1498 διατόρου

64 1519 196 1610 φωνῆς,
227 1520 315 1612 φυγῇ
343 1521 376 1584 δὲ
406 1519 464 1616 τῆς
494 1514 715 1612 ῦφηλολογιάς
744 1518 804 1585 τοῦ
828 1516 1007 1604 νοήματος,
1039 1526 1138 1586 θεῖον
1227 1515 1232 1520 ’

63 1624 108 1696 δν
128 1629 212 1695 εἴποι
234 1622 363 1696 ἀκούειν
384 1625 515 1720 φωνὴν,
537 1633 592 1694 καὶ
614 1623 752 1714 άγγελον
769 1623 905 1712 ὑψόθεν
922 1630 1048 1695 λαλεῖν·
1070 1624 1140 1694 ὁδὲ

63 1733 113 1824 μή
134 1739 188 1802 καὶ
206 1731 250 1814 εἰς
268 1737 346 1802 νοῦν
364 1731 568 1820 ὲιιβαθῦνειν
585 1740 681 1822 ἔχων,
703 1733 776 1801 ἀλλ’
798 1733 1000 1816 ἐπιπολάζων
1019 1741 1065 1820 τῷ
1083 1743 1142 1820 τῆς

63 1833 222 1922 λαλιᾶς“
205 1841 358 1929 ρεόματι,
385 1840 574 1933 βροντὴν”
553 1868 595 1910 αν
622 1845 706 1910 εἴποι
730 1846 915 1924 γαλιγναίαν
939 1841 1140 1933 ἐξῦφῖστων
1221 1884 1224 1892 ·

63 1958 174 2022 ποθέν
191 1955 412 2034 ὲνωτῖζεσθηαι
454 1953 629 2053 Στέντορα
647 1953 706 2036 μὲν
726 1939 783 2016 οῦν
803 1949 953 2015 ἐνταῦθα
972 1947 1137 2038 προάγειν,

62 2055 140 2130 ἀλλ’
167 2058 230 2146 ἐγὼ
262 2068 316 2127 καῖ
345 2063 491 2150 πέφρικα
521 2058 579 2126 τόν
609 2042 734 2144 άνδρα,
770 2083 807 2133 ος
835 2055 1003 2138 ὲξηκοῦετο
1029 2061 1136 2144 βοῶν,

64 2169 146 2238 ὅσον
166 2167 258 2236 ἄλλοι
280 2165 498 2248 πεντήκοντα·
528 2164 705 2260 ῦφορῶμαι
731 2191 817 2251 γαρ,
843 2162 967 2289 μήποτε
988 2169 1044 2232 καὶ
1062 2190 1140 2232 πεν-

62 2275 210 2361 τήκοντα.
226 2279 345 2346 λαθών
369 2271 386 2345 ό
410 2277 524 2361 μῦθος
544 2269 778 2366 ῦποβοθρεόσῃ
801 2268 954 2370 στόματα
975 2275 1021 2358 τῷ
1041 2278 1139 2342 πολο-

62 2383 163 2481 φοόνῳ
192 2386 399 2472 Στεντορείῳ
432 2388 555 2474 τέρατι.
598 2381 805 2469 Ἀλκιβιάδου
838 2389 873 2452 δὲ
903 2382 987 2454 ἀλλά
1017 2388 1049 2454 τῖ
1077 2413 1136 2472 μοι

61 2497 276 2586 μεμνῆσθαι,
307 2483 346 2561 οῦ
369 2491 469 2578 γλοκῦ
494 2501 555 2580 μὲν
581 2485 623 2577 ἦν
647 2493 684 2561 τὸ
711 2499 867 2587 φθέγμα,
895 2492 1010 2560 ὁποῖον
1035 2496 1069 2560 δὲ
1093 2493 1136 2560 άν

61 2610 121 2675 καὶ
147 2599 325 2689 ψελλισμὸς
349 2599 505 2695 βρεφικός
529 2599 749 2689 ὑποβάληται.
791 2600 936 2690 Ἥρεσκε
958 2606 995 2670 δέ
1015 2628 1075 2690 μοι
1097 2599 1135 2672 τό

62 2715 124 2783 τοῦ
148 2709 378 2798 Ἀλεξάνδρον,
417 2715 477 2778 τοῦ
508 2713 612 2779 καλοῦ
627 2713 816 2796 βασιλέως,
853 2717 1061 2796 παραγαγεῖν
1092 2705 1137 2790 εἰς
1196 2707 1201 2718 ’

59 2807 256 2906 συναγωγὴν
280 2815 483 2949 ὁμοιότητος.
532 2817 629 2886 Ἀλλά
659 2823 713 2887 καλ
743 2821 863 2897 ἐκεῖνος
887 2814 1053 2903 ἐγλῦκαινε
1076 2822 1134 2886 αλν

63 2926 242 3018 άκρόασιν,
273 2920 334 3016 εἶχε
356 2933 390 2995 δέ
410 2953 483 2995 τινα
505 2930 704 3054 διαμαρτίαν
724 2927 863 3021 φύσεως.
910 2923 1081 2992 Ἐνταῦθα
1102 2928 1137 2992 δὲ

63 3038 110 3108 ῦπ
112 3045 147 3128 ἕρ
168 3033 296 3138 πάντας
316 3034 354 3140 τό
376 3031 570 3128 φθέγμα,ῐ
558 3027 656 3116 όσονς
676 3033 694 3105 6
716 3033 857 3115 παλαιός
877 3032 1010 3119 λόγος
995 3059 1046 3099 επι
1038 3036 1140 3118 γλο-

64 3145 181 3230 νεότητι
201 3129 360 3225 λόιλιοις’
341 3131 568 3272 απεσεμνννεν.
620 3133 759 3211 Οὔτε
721 3172 785 3231 γαρ
808 3141 851 3222 εἰς
872 3147 995 3209 ἔνδειαν
1015 3135 1143 3207 ῦποκά-

63 3263 192 3342 θηται,
229 3249 271 3334 ὦς
293 3251 439 3337 άνάγκην
467 3239 550 3317 εἶναι
575 3255 758 3338 διττολογ
728 3278 773 3319 ειν
798 3250 836 3318 τό
859 3247 1031 3337 ῦπηχηθὲν
1057 3245 1139 3347 πρός

65 3361 242 3453 ἀκρόασιν·
275 3357 349 3429 οὔτε
371 3355 415 3438 εἰς
438 3359 662 3448 στομφασμόν
684 3359 882 3428 πλατόνεται
907 3339 1138 3444 ἀνοιγόμενον,

46 3467 155 3543 ’ὅθεν
185 3469 227 3537 τά
259 3478 313 3552 τῆς
342 3475 452 3561 φωνῆς
478 3465 664 3549 σκεδόζεται
689 3479 732 3549 εὶς
761 3465 1005 3556 ἀδιάρθρωτον.
1042 3461 1142 3533 Ἀλλά

59 3579 126 3670 χρὴ
154 3581 312 3665 λαλῆσαι,
343 3581 397 3643 καὶ
423 3572 598 3658 τὸνλόγον
625 3572 726 3656 εὐθὺς
752 3577 996 3664 περιψηχηθῆναι
1020 3580 1064 3652 εἰς
1089 3572 1140 3640 εῦ-

62 3687 217 3778 μάθειαν
242 3689 452 3778 φθέγματος.
500 3687 538 3749 Τι’
562 3711 618 3771 μοι
642 3691 745 3770 λέγειν
769 3685 874 3754 πολλά
881 3717 892 3766 ,·
921 3681 1092 3769 Λιάσιγμον
1109 3689 1143 3758 ἐν

63 3805 195 3889 φωναῖς
222 3794 260 3862 τό
291 3791 350 3862 σόν
378 3796 539 3882 φθέγμα,
572 3799 626 3860 καὶ
653 3792 756 3880 (κατὰ
783 3794 822 3863 τό
852 3795 1091 3879 γεγραμμένον)
1120 3780 1140 3878 ἦ

66 3901 169 3971 λαλιά
195 3928 256 3971 σον
282 3899 405 3987 ὡραία,
433 3904 486 3966 καλ
509 3895 563 3982 (τό
585 3909 652 3968 πᾶν
673 3900 787 3988 εἰπεῖν)
807 3900 955 3986 βασιλικὴ
975 3902 1030 3965 κοιλ
1050 3892 1144 3979 οῦῑῦ.

69 4006 166 4080 θῦτω
194 4016 291 4100 μέχρι
317 4013 373 4076 καὶ
399 4007 463 4076 τῶν
490 4008 718 4094 σμικροτάτων
747 4011 764 4084 6
793 4013 875 4091 θεὸς
898 4006 1070 4097 ἐμεγάλννλ
1087 4031 1142 4088 σε,
