2824 4770
264 399 372 456 XXVI
646 403 953 453 caecutientem.

262 569 443 620 memoratus
470 555 596 617 Aeneae
624 553 707 618 urbia
734 573 802 618 esse
828 552 938 633 debet,
974 573 1033 616 non
1059 538 1342 627 Thessalonicae),

262 660 317 724 aed
336 658 369 722 in
388 679 425 722 ea
447 643 662 722 Macedonicae
681 655 826 722 historiae
845 671 949 744 parte,
976 676 1055 741 qaae
1073 655 1236 735 Perseum,
1267 653 1342 718 Plri-

260 761 336 848 lippi
357 763 465 845 filium,
483 775 610 849 spectat.
651 763 803 828 Videatur
823 761 930 828 Livius
943 755 996 843 44,
1012 759 1083 824 lu:
1112 760 1248 824 Perseus
1267 772 1342 824 tnu-

261 869 331 932 dem
350 891 502 952 opacare
517 869 567 947 eo,
588 889 648 952 uuo
664 868 817 932 attonitus
831 865 959 950 facerat,
978 876 1104 948 recepto
1118 862 1238 941 ocimu,
1258 867 1342 928 mul·

222 1045 224 1050 ,
259 974 291 1036 le
308 971 447 1056 imperiis
466 972 530 1036 meis
547 993 610 1034 ιισιι
628 971 869 1055 obtemperatum
889 991 972 1046 eece,
993 989 1085 1051 quam
1097 967 1264 1051 maldam
1275 991 1340 1050 go·

258 1099 330 1140 ιισιιι
355 1077 390 1139 iu
408 1099 495 1139 mure
513 1075 611 1139 dedici
628 1076 758 1152 Pallae,
790 1071 1031 1137 Thessalonicae
1055 1070 1186 1135 manlio
1194 1070 1339 1160 ιι’,ιιιιινιιι

258 1179 395 1248 iacendi.
437 1183 486 1242 Ex
507 1200 567 1263 quo
581 1176 665 1242 Livii
685 1179 753 1241 loce
772 1175 804 1241 id
821 1168 930 1241 'saltem
947 1187 1053 1261 sponte
1068 1173 1260 1259 intelligitur,
1282 1199 1339 1243 aa·

211 1365 216 1376 Ι
258 1285 329 1348 vale
352 1283 552 1348 Macedonum
578 1282 752 1368 primarium
776 1281 837 1357 ista
857 1302 934 1357 aava
955 1278 1202 1346 Thessalonicam
1222 1281 1338 1362 luisse,

257 1388 429 1452 cum-aliud
449 1387 517 1471 ejus
543 1386 629 1471 regni
649 1387 759 1452 navale
779 1408 926 1471 nosquam
943 1399 1133 1450 memoretur.
1175 1384 1337 1452 Debebunt

257 1503 322 1562 eam
349 1519 411 1559 rem
440 1493 624 1558 Macedones
648 1506 753 1578 portus
782 1490 945 1572 beneflcio,
973 1511 1062 1575 quem
1086 1487 1188 1554 secolo
1216 1489 1337 1556 demum

256 1615 324 1702 post
344 1601 505 1665 Christum
517 1613 618 1664 natum
639 1614 745 1684 quarto
765 1621 783 1664 a
803 1593 1001 1664 constantino
1019 1597 1135 1678 Magno
1155 1606 1402 1674 extructum,

255 1705 334 1770 inter
353 1705 412 1768 alia
433 1719 534 1768 narrat
550 1699 689 1768 Zosimus
710 1706 781 1769 hist.
796 1707 828 1786 2,
842 1707 915 1769 22..
945 1701 1121 1784 drausione
1141 1701 1175 1765 dl
1197 1723 1336 1778 τοιιτιιιις

255 1809 408 1893 (captivos
426 1809 559 1889 Gothos)
580 1819 652 1888 ταῖς·
670 1808 852 1890 πόλισιν,
837 1817 890 1878 sul
911 1808 972 1896 τὴν
993 1809 1271 1888 &ecceleulmu'
1255 1805 1335 1894 egol-

255 1938 303 2000 ρδι
324 1924 368 1990 (8
389 1917 493 1998 322),
523 1923 579 1985 και
602 1945 659 1986 τον
681 1945 716 1986 ιν
737 1945 840 2014 roura
862 1923 992 2004 λιμινα
1026 1935 1234 2004 προτερον
1260 1940 1334 1982 oca

253 2018 370 2109 ὄντα,
403 2023 665 2113 κατασκευάσας,
697 2029 747 2094 s’nl
770 2026 829 2094 τὸν
849 2026 929 2115 πρὸς
948 2031 1118 2095 Λικίννιον
1139 2013 1245 2103 αὖθις
1266 2051 1330 2092 ιτα·

185 2216 189 2232 .
252 2132 454 2219 ρισκειιαζεισ
482 2135 635 2222 πόλεμον.
678 2139 755 2202 Kal
768 2134 992 2220 coaequalemque
1013 2143 1075 2222 μὲν
1096 2129 1139 2211 εἰς
1160 2139 1332 2210 διακοσίας

252 2239 578 2324 κατεσιευασθησαν,
601 2245 681 2321 ναῦς
703 2248 735 2311 δὲ
755 2247 906 2364 φσρτίδες
928 2241 1163 2330 συνήχθησαν
1169 2239 1329 2309 πλέον’”
1308 2273 1326 2330 η

252 2345 421 2428 δισχίλιαι·
453 2339 547 2425 πεζὸς
567 2346 599 2411 δὲ
618 2369 758 2433 croccae
775 2373 818 2422 εις
835 2344 957 2412 dodana
973 2344 1149 2428 μυριάδας.
1189 2339 1331 2422 Ηνανς

252 2456 306 2516 καὶ
325 2448 424 2526 innoc
444 2451 554 2536 μυρία.
594 2449 749 2534 Classem,
779 2453 921 2537 majorem
943 2468 1056 2538 partem
1076 2473 1093 2514 e
1116 2450 1245 2515 Graecia
1267 2453 1329 2516 col-

192 2602 196 2611 .
250 2554 375 2634 lectam,
404 2557 434 2619 in
460 2557 616 2638 Piraeum,
647 2558 831 2620 Athenarum
858 2571 992 2641 portum,
1022 2555 1119 2639 primo
1139 2555 1329 2636 convenisse,

250 2658 361 2724 ibidem
383 2659 475 2722 tradit
493 2659 646 2722 Zosimus.
687 2647 818 2742 Eadem,
842 2659 946 2723 relicto
966 2658 1089 2736 Piraeo,
1117 2657 1329 2730 Macedoniam

249 2763 346 2850 petiit,
369 2762 477 2825 deinde
498 2757 688 2848 Hellesponti
707 2763 821 2843 lauces,
843 2763 911 2827 coll.
935 2762 1082 2826 eudeml.
1100 2783 1128 2828 c.
1149 2783 1176 2826 c.
1199 2765 1250 2829 23.
1294 2771 1328 2829 ln

248 2867 297 2930 his
317 2866 483 2929 iuranditnm
500 2881 643 2948 scireest,
669 2869 748 2950 quod
770 2883 885 2954 portum
903 2865 1140 2932 Thessalonicae
1159 2881 1249 2933 autea
1269 2894 1328 2934 non

248 2972 385 3036 extitisse
395 2971 536 3037 Zosimus
552 2986 663 3050 narrat,
681 2973 713 3036 id
726 2973 805 3056 quod
820 2971 924 3036 mirum
938 2971 1198 3038 videturCellario
1208 2997 1329 3058 quoque

247 3078 357 3148 (Notit.
379 3077 446 3143 orb.
468 3091 529 3141 ant.
551 3077 601 3142 ed.
625 3077 796 3141 Schwartz
824 3080 863 3142 Τ.
886 3082 912 3140 Ι.
933 3099 965 3162 p.
983 3078 1061 3141 480.
1079 3081 1171 3158 not..)
1211 3079 1327 3144 Habuit

246 3205 296 3245 ιιιι
290 3181 330 3245 'lo
358 3204 417 3246 non
446 3195 579 3267 tempore
607 3182 678 3244 urbs
706 3181 930 3267 opulentissima
957 3195 1074 3266 portum
1103 3203 1189 3244 nuum
1217 3197 1326 3248 natura

243 3287 372 3366 sactum3
405 3309 491 3372 quem
516 3300 580 3350 arte
601 3286 807 3366 emendatum,
839 3301 916 3350 tacet
936 3285 1055 3369 quidem
1076 3286 1206 3352 anterior
1225 3285 1325 3351 bisto-

242 3383 298 3456 ria.
340 3391 401 3456 Sed
423 3390 533 3455 navale
551 3391 751 3454 Macedonum
773 3391 1045 3456 Tleessalonicense
1066 3390 1155 3469 (Liv.
1177 3389 1230 3472 44,
1253 3395 1321 3470 10.)

241 3495 330 3576 lacit,
359 3512 392 3560 ut
416 3496 516 3583 portui
544 3517 662 3580 qnoque
692 3509 778 3558 setus
804 3517 911 3560 aarum
938 3515 1039 3559 curam
1059 3492 1244 3580 impendisse
1264 3519 1363 3578 ego

239 3600 340 3664 nullus
361 3599 505 3664 dubitem.
553 3601 730 3684 Quanquam
751 3600 818 3663 fieri
846 3600 980 3687 potuisse
1007 3597 1174 3662 fatendum·
1167 3611 1254 3678 ·est,
1289 3613 1320 3663 ut

239 3703 371 3788 quinque
406 3704 571 3769 seculorum
601 3703 680 3768 inter
705 3707 846 3769 Perseum
876 3702 1163 3786 Constantinumque
1191 3703 1321 3768 decursu

237 3824 338 3894 portus
359 3832 377 3874 a
397 3807 542 3874 Romanis
563 3810 776 3893 negligeretur,
798 3833 922 3893 quorum
944 3811 1070 3872 classem
1093 3805 1198 3870 ltaliae
1218 3808 1318 3874 litori-

173 3984 176 3993 Κ
236 3912 290 3976 bus
309 3916 419 4000 apponi
439 3913 557 3979 solitam
579 3928 712 3994 constat3
742 3914 821 3978 unde
836 3913 1149 3978 Thessalonicensium
1170 3935 1219 3975 res
1242 3937 1319 3978 nau-

233 4014 292 4079 tica
312 4015 386 4082 solis
406 4017 653 4086 mercatoribus
642 4019 760 4106 speique
779 4017 848 4084 orbi
868 4019 1000 4083 curanda
1023 4015 1260 4102 relinquebatur.
