2844 4772
116 325 182 420 τα]
294 347 548 402 num-rums
572 349 967 406 τιεεεεεεουιοευειε.
1122 329 1197 408 ⁴3¹1

110 495 208 582 ὅσον,
228 503 284 570 καί
306 497 393 568 κατά
415 500 492 582 τοός
512 503 548 568 ἐν
567 502 608 597 τῇ
624 497 754 596 ἀνύδρῳ
777 503 896 572 ίσετται
919 489 1036 592 λυπρά
1051 513 1106 574 καί
1126 505 1189 574 αό-

105 609 148 694 τίγ
167 613 223 678 καί
244 611 393 702 διψῶσα,
418 611 475 678 καί
497 635 576 691 που,
604 607 636 678 εἰ
654 611 692 680 τό
715 599 819 680 κακὸν
841 614 893 678 ε’πί
913 604 1022 697 μεῖζον
1043 613 1184 700 ἀρδείη,

107 723 164 788 καί
188 717 322 804 ἔρημος·
352 719 408 784 καί
432 715 507 798 τοὺς
530 726 565 812 δν
590 718 674 812 αὐτῇ
700 719 758 786 οὐκ
780 715 822 785 όίν
845 714 975 803 ὀκνήσει
994 746 1044 798 τις
1063 721 1108 809 μὴ
1131 727 1186 790 καί

110 822 232 905 αὐτοὺς
259 822 315 892 διά
343 821 380 892 τό
406 825 560 892 ἐκλείπειν
585 830 688 912 λέγειν
714 823 965 912 ἀλίβαντας.
1004 823 1095 912 Ἤδη
1117 829 1182 919 πρό

105 933 302 1028 ὀφθαλμῶν
318 941 422 1002 κιίται
441 930 485 1000 τά
503 933 609 1016 δεινά,
631 925 694 1001 καίΙ
707 929 781 1003 σ’ίαν
800 931 820 1018 ἡ
840 933 935 1014 πόλις
952 931 1179 1022 καταράσετάι

105 1043 251 1112 κάκωσιν
276 1041 341 1110 τῶν
365 1041 519 1122 πολιτῶν,
547 1037 622 1111 ὅσοι
646 1050 708 1130 μὲν
735 1030 769 1110 εὖ
796 1041 905 1129 έχουσι
932 1041 970 1110 τό
999 1041 1043 1122 είς
1070 1051 1183 1130 σῶμα,

104 1153 168 1222 οίικ
192 1149 270 1221 ἔσθ’
291 1142 381 1228 ὅπως
403 1144 558 1235 ὑγιαίνειν
582 1157 854 1241 συγχωρουμένων
876 1151 915 1245 τῇ
936 1147 1182 1239 αὐχμηρόιηιι·

103 1263 173 1329 τῶν
197 1264 232 1328 δὲ
255 1257 340 1327 κατὰ
367 1253 468 1325 νόσον
494 1255 600 1336 ἀλλως
622 1262 846 1345 διακειμένων,
876 1257 937 1344 τὴν
959 1265 1183 1354 ψυχαγωγίαν

103 1363 377 1446 ἀπολωλεκότων,
412 1369 469 1436 καί
495 1365 596 1446 οὕτως
621 1362 763 1454 ἐχόντων
790 1363 851 1454 τὴν
878 1361 1004 1454 ὑγίειαν
1033 1369 1180 1437 δυσανά-

103 1460 239 1560 ubsrum

184 1645 217 1712 3.
250 1637 314 1710 Διά
347 1640 454 1709 ταῦτα
485 1635 681 1731 ίκχέομενῆ
714 1642 807 1712 πάσα
835 1636 930 1720 πόλις
956 1637 1017 1720 τάς
1042 1642 1181 1731 καρδίας

98 1747 199 1840 ἡμῶν
223 1747 357 1818 ἐνώπιον
383 1750 440 1831 τῆς
462 1746 723 1836 βασιλεκωτάτης
749 1749 1007 1840 φιλανθρωπίας
1028 1774 1102 1830 σου,
1123 1755 1180 1818 καί

101 1860 167 1942 τὴν
183 1863 242 1926 τοῦ
257 1864 324 1925 -σοῶ
341 1852 395 1946 ἐφ’
414 1853 502 1944 ἡμᾶς
525 1860 613 1925 ἐλέου
629 1852 724 1943 χόσιν
744 1851 945 1942 αλτοόμεδα,
966 1854 1182 1945 ποτνιώμενοι

100 1971 161 2036 καί
181 1959 298 2060 θερμοί
318 1969 512 2052 προχέαντες
533 1962 671 2052 δοίκρυα.
688 2002 692 2010 ·
707 1959 949 2052 Ἕκτεινοντίρν
966 1966 1068 2032 θείαν
1085 1961 1182 2054 χείριί

101 2099 179 2157 σου,
210 2077 267 2140 καί
290 2063 376 2140 οίίτω
397 2070 545 2154 κελεύσας
567 2071 847 2156 ἀποκατάστησον
873 2069 911 2141 τό
932 2065 1021 2162 ίίδωρ
1040 2079 1091 2140 ίπί
1112 2069 1183 2161 χώ-

99 2205 180 2272 ραν,
201 2175 240 2246 οὐ
263 2177 364 2266 πρὸς
383 2173 559 2266 ἡμέραν,
585 2176 627 2260 ώς
648 2180 689 2248 τά
708 2183 768 2268 τῆς
789 2181 937 2271 γραφῆς,
958 2177 1033 2249 ἀλλ’
1060 2177 1103 2262 είς
1125 2177 1178 2249 αί-

96 2293 168 2360 ῶνα
193 2287 285 2370 ὅλον,
319 2277 346 2374 ᾧ
369 2291 625 2374 συνεπεκεαδείη
649 2295 702 2358 καί
725 2287 763 2362 τό
786 2285 908 2378 κρότος
930 2290 988 2376 τῆς
1007 2291 1176 2374 βασιλείας

99 2424 172 2469 σου.
223 2397 301 2469 Οὐκ
330 2395 450 2465 ἔστιν
479 2395 582 2486 ὕδωρ
613 2399 664 2482 τῷ
693 2399 779 2482 λαῷ
807 2403 938 2467 πιεῖν·
977 2396 1048 2478 δός
1075 2394 1177 2485 ἡμῖν

98 2504 232 2596 ίίδωρ,
264 2502 336 2574 ἵνα
361 2506 536 2592 πίωμεν.
574 2501 662 2572 Ἀλλ’
687 2513 787 2574 ἐκεῖνο
812 2513 874 2594 μὲν
898 2506 985 2593 έλεγε
1011 2506 1095 2595 πρὸς
1120 2506 1208 2575 τὸτ’

99 2625 162 2686 τοῦ
188 2605 272 2685 θεοῧ
296 2612 494 2704 θεράποντα
521 2607 672 2703 Μωίίσῆν
698 2612 883 2702 γογγυστῄς
909 2613 1005 2698 λαός,
1037 2620 1178 2704 σκληρο-

97 2719 279 2812 τροίχηλος,
308 2726 364 2792 καί
386 2723 444 2806 τῆς
469 2717 617 2812 βρώσεως
644 2719 691 2789 ἔτι
716 2719 818 2806 οόσης
839 2722 902 2793 ἔσω
928 2719 1094 2812 στόματος
1116 2724 1178 2792 τοῦ

99 2829 264 2920 εὐεργέτου
289 2829 494 2898 καταλαλῶν.
534 2833 603 2898 Καὶ
626 2825 738 2912 οὕτως,
753 2836 832 2918 έχων
854 2872 895 2886 -
921 2829 995 2902 ἀλλ’
1019 2829 1179 2918 είσηκοόε-

98 2967 151 3008 το.
178 2935 293 3025 Ἡμεῖς
312 2941 363 3017 δὲ,
390 2938 471 3016 λαός
491 2933 661 3022 εὐγνώμων
668 2989 677 3018 ,
707 2941 819 3008 δοῦλοι
837 2927 870 3008 εὖ
888 2938 980 3026 μάλα
997 2940 1179 3028 ἠσκημένοι

87 3047 182 3138 ,πρός
205 3052 328 3126 πίστιν,
361 3043 441 3123 λαός
473 3043 611 3132 μνήμων
643 3040 847 3133 εὐεργεσιῶν,
887 3047 1096 3136 εόχυίριστος,
1134 3046 1180 3116 ιί-

102 3154 165 3234 δώς
195 3153 353 3241 ἀκριβῶς,
382 3153 431 3232 τίς
459 3151 478 3220 ὁ
508 3145 682 3232 δεσπότης,
713 3152 762 3235 τίς
790 3147 809 3218 ὁ
834 3155 957 3234 σώζων,
988 3160 1036 3233 τίς
1063 3150 1082 3224 ό
1106 3165 1179 3244 τρέ.

105 3287 194 3358 φων,
225 3264 273 3340 τίς
298 3257 316 3328 ὁ
339 3247 397 3358 ’ζῇν
426 3260 528 3326 ποιῶν
557 3257 714 3350 ἀσφαλῶς
740 3253 778 3344 (ἢ
803 3255 870 3345 γάρ
898 3254 940 3326 ἀν
966 3263 1075 3346 εἴημεν
1100 3258 1180 3331 ἀλο-

102 3366 238 3458 χώτεροι
259 3372 314 3438 καί
336 3371 400 3436 τῶν
424 3365 517 3455 παρά
538 3372 584 3452 τῷ
607 3363 761 3464 προφήτῃ
779 3362 881 3450 ζώων,
913 3361 935 3436 ίί
957 3370 1032 3448 τούς
1049 3370 1181 3457 κυρίους

30 3533 40 3542 .
101 3470 168 3547 οίδι
185 3482 239 3545 καί
257 3477 330 3556 τούς
344 3479 566 3563 κτησαμένους
583 3469 734 3558 αότά)-
749 3477 872 3545 δίκαιοι
887 3481 997 3546 τοίνυν
1010 3472 1114 3567 ἡμεῖς,
1130 3477 1178 3564 μὴ

101 3590 291 3667 διεκπεσεῖν,
319 3576 358 3653 οὗ
377 3587 563 3664 ποθοῦντες
583 3579 782 3674 αἰτοίμεδα.

167 3733 201 3803 4.
219 3728 472 3821 Ἀντεπεξὴγαγέ
482 3757 560 3804 ποτε
572 3725 713 3822 βρισράς
718 3705 858 3819 χεῖραςῆ
870 3719 1016 3816 κραταιά
1022 3725 1173 3812 βασιλεία

100 3865 163 3913 σου
183 3843 231 3929 τῷ
252 3845 448 3942 παλαμναίῳ
470 3843 576 3934 ἐκείνῳ
597 3845 733 3932 σεισμῷ,
755 3843 809 3906 καί
829 3832 893 3906 δ’σα
918 3835 1170 3928 καταπαλαίσας

98 3954 211 4037 βαλεῖν
222 3947 267 4031 είς
275 3944 449 4039 γῆκαάτίς
457 3950 701 4043 ἐφιλονείκησεν,
712 3941 793 4035 αίτά
809 3947 988 4041 φιλοτίμως
998 3937 1166 4030 ἀνίστησι,
