2846 4770
240 391 328 440 που
579 385 586 468 ¹.
623 387 930 448 tnotnnomnnn·

240 519 338 621 visus,
359 538 506 618 bonatnr,
525 550 560 602 nt
577 536 681 606 relicta
701 533 861 602 solitudine
877 532 980 599 urben
995 532 1192 620 ingrediatur.
1226 531 1315 610 Quod

158 694 165 736 ,
241 665 310 709 enm
329 642 461 722 fecisset,
483 639 612 725 effigiem
627 639 821 706 §.Demetrii
836 638 1036 725 conspicatus,
1057 636 1096 704 ab
1111 659 1148 702 en
1164 634 1232 723 ipso
1247 657 1316 732 per·

150 735 160 828 3³
242 768 361 813 cussum
380 769 413 818 se
425 758 552 810 testatur
565 759 655 829 etque
668 745 854 833 impeditum,
875 744 1031 828 quominus
1050 742 1232 810 delineatam
1247 763 1267 806 a
1283 761 1316 804 se

150 827 158 892 l
241 852 346 918 turrim
363 863 541 915 exstrueret.
583 849 715 915 Ablutns
732 851 841 922 debinc
859 847 937 914 sacri
953 848 1093 936 baptismi
1107 848 1216 930 undis3
1235 847 1317 933 qnod

155 955 158 976 ²
241 955 444 1042 egoprimum
463 951 599 1020 Sclavini
617 953 806 1026 Macedonici
826 952 981 1039 exemplar
1001 953 1090 1036 novi,
1114 949 1225 1040 quem,
1252 975 1316 1017 mo·

161 1115 165 1154 ,Ι
241 1061 343 1126 dinnte
362 1059 432 1125 licet
451 1062 559 1147 alapae
577 1060 786 1124 Demetriacae
806 1058 973 1141 monitorio,
995 1060 1085 1126 iidem
1105 1074 1238 1127 nostram
1251 1081 1317 1123 am·

164 1155 168 1170 “
237 1167 364 1254 plexum
383 1177 509 1230 constat.
551 1161 690 1233 Omnium
717 1179 816 1228 tamen
843 1164 1000 1248 gentilium
1024 1165 1144 1230 illorum
1169 1164 1210 1238 ad
1230 1183 1317 1228 sacra

239 1269 414 1336 Christiana
439 1269 664 1342 conversionem
691 1268 796 1332 eodem
821 1281 954 1355 tempore
981 1252 1120 1334 evenisse
1145 1291 1205 1332 non
1232 1279 1316 1353 puto,

237 1376 329 1442 immo
351 1375 401 1439 diu
422 1388 505 1461 post;
532 1387 595 1448 tum
614 1371 745 1452 scilicet,
773 1394 862 1455 quum
882 1395 975 1456 regno
996 1377 1179 1439 Graecorum
1197 1370 1317 1457 penitus

238 1501 347 1566 parere
376 1480 578 1564 coepissent.³
605 1477 694 1557 Quod
722 1475 893 1542 inchoatum
925 1477 983 1542 init
1011 1475 1167 1543 Iustiniani
1186 1479 1217 1540 ll
1238 1475 1318 1540 Rhi-

156 1623 159 1642 ,
238 1583 362 1649 notmeti
386 1582 573 1669 imperatorin
593 1581 720 1670 victoria
740 1581 879 1664 Slavica,
912 1583 991 1648 drea
1012 1605 1125 1652 anunm
1141 1581 1221 1647 (ibn.
1241 1579 1316 1646 688.

237 1701 403 1772 reportata,
425 1709 517 1771 qnam
538 1686 685 1772 deinceps
698 1687 927 1769 enarrabimns3
948 1711 1053 1755 eornm
1072 1709 1146 1752 veno
1166 1705 1241 1770 erga
1257 1684 1317 1748 im-

186 1798 393 1879 fflperetores
406 1793 538 1856 Graecos
554 1790 745 1875 obseltqninm
763 1793 914 1875 quomodo
929 1793 1084 1857 firmatum
1101 1789 1150 1872 sit,
1172 1789 1254 1874 qnod
1269 1811 1314 1854 sc.

121 1953 123 1958 ,
238 1911 305 1983 post
321 1895 548 1966 conversionem
562 1918 666 1960 eorum
683 1896 722 1959 ad
742 1919 829 1960 santa
845 1895 1030 1978 Christiana,
1051 1921 1111 1961 nou
1125 1895 1219 1982 prins,
1240 1917 1315 1958 eve-

236 2001 319 2068 nisse
339 2016 426 2086 puto,
450 2003 526 2063 Acta
545 2000 663 2079 Sancti,
685 2001 765 2084 qnod
782 1999 961 2082 dolendum,
983 1987 1042 2066 non
1060 2002 1193 2066 madunt.
1232 1996 1314 2061 lllurl

236 2119 340 2170 tamen
360 2103 461 2168 seculo
481 2119 589 2170 octavo
609 2105 764 2186 evenisse,
793 2107 849 2170 vix
874 2106 956 2170 male
983 2105 1050 2189 quis
1076 2100 1314 2168 etiameniatae

237 2211 304 2279 loco
327 2207 452 2274 inferius
477 2211 656 2296 proferendo
677 2209 832 2293 conjiciet,
863 2211 914 2296 qui
931 2214 1065 2277 Graecus
1085 2206 1315 2273 conversionem

154 2317 157 2326 “
235 2313 448 2378 sclavinorum
468 2329 498 2378 et
518 2317 722 2399 Bulgarornm
743 2315 1027 2396 Macedonicorum,
1057 2313 1182 2380 Graecis
1202 2334 1314 2399 panen-

233 2415 320 2496 tinm,
341 2416 416 2483 satis
437 2416 489 2481 diu
510 2417 570 2496 (sic
588 2417 665 2511 mibi
684 2419 821 2498 videtur)
843 2435 914 2485 ante
934 2417 1190 2507 expugnationem
1208 2417 1313 2481 Thes·

235 2520 390 2585 salonicae
417 2521 633 2586 Sarazcnicam
660 2525 705 2600 (a.
725 2520 814 2602 904.)
841 2523 978 2587 evenisse
1006 2523 1119 2588 statuit.
1167 2523 1314 2588 (ictorum

234 2623 355 2687 hostilis
375 2623 556 2710 oppugnatio
577 2647 646 2689 cnm
666 2625 705 2688 ob
725 2625 844 2690 irritam
863 2627 953 2690 turris
973 2627 1133 2708 fabricam,
1153 2639 1220 2690 tum
1239 2647 1313 2710 pro·

233 2725 385 2810 digiornm
401 2728 660 2794 neustrianorum
679 2727 825 2794 beneficio
843 2730 1027 2817 improspere
1045 2729 1183 2796 barbaris
1204 2729 1312 2794 cessitr

233 2830 355 2912 singule
376 2830 446 2895 belli
466 2847 611 2898 tacentur.
659 2835 737 2908 lixo.
763 2835 856 2910 Corn.
878 2834 960 2926 Byei
986 2859 1026 2902 ex
1046 2838 1117 2910 ΑΛ.
1141 2837 1200 2901 SS.
1228 2833 1253 2902 l.
1280 2856 1309 2906 c·

234 2954 307 3022 pag.
329 2936 399 3004 177.
421 2949 484 3002 not.
505 2959 550 3009 m.

604 3128 744 3194 Tertia
773 3126 941 3200 obsidio.

253 3273 264 3286 “
291 3237 452 3324 'secunde
475 3255 669 3343 expeditione
687 3255 955 3325 'thessalonicensi
982 3257 1085 3341 finita,
1114 3260 1226 3345 reliqui
1248 3261 1310 3340 (sin

230 3360 363 3440 videtur)
386 3361 521 3428 sclavini
542 3359 673 3446 quietem
693 3362 877 3446 aliquamdiu
898 3361 1041 3446 agebant,
1064 3363 1135 3428 belli
1154 3364 1306 3429 adversus

231 3467 364 3532 Graecos
384 3467 594 3532 communione
612 3465 807 3531 abstinentes.
841 3467 904 3530 Otii
919 3489 992 3529 vero
1007 3467 1202 3552 impatientes
1216 3471 1310 3556 Stry-

230 3568 324 3635 monii
343 3584 372 3634 et
391 3569 557 3651 Runclnini,
580 3584 686 3634 nantas
703 3569 865 3655 plurimos,
888 3570 938 3655 qni
959 3571 1139 3634 devehendo
1154 3573 1309 3636 (inustan-

228 3676 375 3762 tiuopolin
394 3676 543 3741 frumento
557 3673 719 3755 vacabant,
741 3674 815 3738 item
833 3697 897 3754 eos,
921 3673 972 3757 qui
989 3672 1106 3738 insulas
1123 3689 1213 3758 atque
1229 3675 1308 3740 flel-

228 3781 398 3866 }espnntum
418 3780 614 3860 habitabant,
644 3780 868 3864 exspoliantes,
898 3777 998 3863 ipsam
1022 3769 1235 3864 Propontidem
1259 3782 1309 3872 in·

228 3883 326 3964 gressi
346 3899 425 3951 sunt.
469 3884 527 3951 Ubi
549 3898 668 3950 vastata
689 3883 770 3946 Parii
790 3899 819 3947 et
840 3884 1022 3949 Proconnesi
1040 3883 1179 3966 regione,
1209 3907 1308 3968 usqne

228 3985 269 4051 ad
293 3992 460 4076 pomerium
485 3989 567 4057 urbis
594 3988 700 4076 regiae
725 3987 891 4074 navigan,
920 3986 1050 4074 denique
1070 3988 1186 4076 praede
1205 3987 1309 4056 onusti
