2834 4772
248 371 324 446 408
674 383 892 442 Amumx'.
1023 346 1027 354 ⁴
1233 362 1336 456 [τιατ.

252 543 468 632 Χριστιανῶν
487 537 607 628 αἵμασι
625 542 822 629 χαίροντας,
851 543 906 610 καὶ
927 537 986 608 ούιι
1005 533 1051 617 εἰς
1070 533 1184 625 μάτην
1199 543 1336 630 χαίνσν-

250 647 328 732 τας,
347 647 422 718 ἀλλ’
440 647 651 738 ἁρπάζοντας
669 655 726 718 καί
744 645 988 745 λαφύσσοντος.
1018 651 1094 746 Νῦν
1114 652 1150 718 δέ
1169 646 1210 718 ού
1229 652 1337 738 μόνον

254 751 573 850 ἀπεσφινδόνηνται,
602 757 687 826 ἀλλά
712 763 768 828 καί
794 762 827 828 οί
853 765 916 850 μὲν
942 755 1018 828 ούδί
1043 752 1127 826 εἰσιν
1152 757 1218 840 ἔτι,
1252 764 1339 830 αἱδί

254 873 317 936 τοῦ
344 863 425 934 εἶναι
451 867 542 934 λύκοι
570 865 783 949 ἐξελάθοντο.
828 863 995 935 Μάλιστα
1010 870 1071 952 μὲν
1089 851 1149 933 οάν
1172 867 1209 934 ἐκ
1230 863 1337 936 λύκων

255 972 378 1052 αύτούς
397 969 443 1052 εἰς
463 967 664 1062 ἀνθρώπους
682 970 899 1062 μεταστήσας·
921 977 975 1042 καί
994 966 1076 1059 ὅπερ
1095 969 1115 1042 ὁ
1136 975 1196 1062 τής
1212 977 1340 1060 Κίρκης

255 1078 379 1154 νυκτῶν
404 1086 664 1176 λογογραφεῖται
690 1091 811 1161 ποιεῖν,
844 1084 943 1151 τοῦτο
967 1079 1018 1150 ἐπ’
1044 1075 1211 1163 ἀληθείας
1233 1083 1340 1178 φόβος

256 1190 427 1281 βασιλικὸς
453 1190 485 1272 ίξ
513 1185 736 1284 ἀντιστρόφου
766 1198 826 1258 νῦν
852 1187 1097 1280 κατεπράξατο,
1132 1195 1190 1258 καί
1223 1190 1285 1260 σύιι
1313 1193 1343 1274 εξ
1401 1221 1402 1224 “

259 1295 451 1387 ἀνθρώπων
471 1294 517 1376 είς
537 1303 668 1386 θῆρας,
697 1298 772 1369 ἀλλ’
798 1301 831 1382 ἐξ
855 1303 979 1367 ἐκείνων
1002 1292 1047 1376 είς
1072 1292 1214 1376 τούτους
1244 1324 1345 1384 μετα-
1400 1229 1403 1380 ί

132 1456 135 1464 .
260 1403 407 1495 βιβάσας
430 1403 604 1476 θειότατα.
635 1409 708 1476 Καί
723 1433 774 1485 τις
792 1408 854 1494 μία
877 1410 934 1474 καί
953 1403 1037 1488 αύτη
1056 1405 1182 1490 ποίμνη
1200 1399 1273 1476 ὑπὸ
1290 1435 1343 1476 ιτα·

260 1515 459 1600 λῷποιμίνι
478 1514 526 1600 τῷ
544 1516 651 1608 ίνθέῳ
678 1515 855 1601 συνάγεται
874 1517 1016 1602 βασιλεῖ,
1046 1519 1112 1581 τῶν
1130 1516 1270 1602 θηρίων
1293 1513 1345 1584 σιάι
1404 1555 1405 1638 χ

261 1619 414 1691 ἐνόντων.
457 1608 603 1690 Οάκοάν
619 1625 745 1711 μερίδες
761 1627 798 1691 αἱ
812 1630 879 1711 μέν.
892 1619 989 1709 ἡμῖν,
1011 1625 1048 1688 al
1067 1625 1103 1689 δὲ
1122 1628 1193 1698 τοῖς
1212 1623 1345 1694 ἔθνεσι·

264 1726 338 1798 ἀλλ’
358 1730 448 1799 ἔστιν
469 1730 562 1818 ήμῶν
584 1727 626 1798 τά
649 1717 785 1824 πάντα.Χ
821 1733 888 1800 Καί
916 1728 958 1798 σίν
980 1725 1035 1798 διὰ
1060 1729 1169 1796 ταῦτα
1192 1733 1347 1816 βασιλεὺς
1405 1720 1406 1754 ³

265 1840 320 1906 ίπὶ
338 1835 468 1916 πάντας
488 1833 667 1924 ἀήττητος·
694 1845 750 1908 καί
770 1843 898 1909 δέδεται
918 1837 977 1906 νῖν
997 1832 1015 1907 ὁ
1035 1835 1179 1924 πόλεμος
1201 1839 1263 1906 διά
1281 1843 1345 1922 σοῦ,
1406 1882 1407 1920 η

266 1942 306 2016 ού
326 1951 453 2034 χαλκίῳ
474 1945 620 2040 κεράμῳ,
661 1946 746 2016 κατά
773 1945 833 2016 τάν
861 1947 920 2016 τοῦ
948 1945 1093 2014 παλαιοῦ
1117 1941 1220 2029 λόγον
1236 1943 1345 2036 Ἀρια,

263 2055 300 2136 ἐξ
327 2045 367 2122 οὗ
387 2055 506 2136 λυθείη
536 2050 580 2122 ἀν
607 2057 727 2135 ἐκεῖνος
755 2051 1087 2142 τρισκαιδενάμηνος,
1117 2048 1209 2120 ἀλλά
1237 2058 1343 2150 δεσμῶ
1407 2046 1408 2128 ί

163 2240 166 2249 ,
265 2159 410 2255 ἆῤῥήτῳ,
432 2156 579 2256 ἀφύκτῳ,
600 2157 723 2256 ἀλύτῳ·
745 2158 798 2256 ἐφ’
811 2161 890 2232 ὅσον
911 2158 1014 2246 ἀνού
1034 2154 1139 2246 μόνον
1159 2163 1234 2241 τοῖς
1250 2187 1345 2252 οτρα·
1408 2208 1409 2282 χ

264 2278 426 2350 τιωτικοίς
450 2263 583 2366 ὅπλοις,
617 2268 655 2339 τὸ
682 2272 742 2355 τής
768 2271 967 2358 παροιμίας,
1002 2270 1345 2362 ε’νιστουργηθήσεεαι

265 2375 438 2467 ἀράχνειον
456 2369 611 2470 ύφασμα,
632 2375 716 2447 ἀλλά
738 2384 794 2448 καί
821 2375 929 2466 ὄνομα
949 2379 1094 2464 πολέμου
1119 2368 1219 2465 οἶμαι
1244 2381 1346 2452 ἀιιαλ·
1409 2372 1410 2392 ’

149 2531 154 2536 -
265 2484 455 2575 λακήσεται·
493 2487 586 2565 Τίνες
613 2482 664 2566 οίνΙ
678 2473 766 2574 ἦσαν
791 2490 823 2556 σί
844 2480 1074 2583 μεγαλόφωνοι
1088 2483 1265 2574 Ἕλληνες,
1294 2493 1347 2576 τήν

262 2599 319 2666 Ιἐπὶ
341 2593 549 2664 Ἀνταλκίδου
581 2596 674 2678 νίκην
709 2598 765 2663 καί
797 2596 858 2682 τήν
892 2595 1021 2662 ἐκεῖθεν
1052 2588 1188 2680 εἰρήνην
1219 2590 1346 2684 ύιμηγο-

268 2705 418 2792 ρούντες,
440 2705 467 2770 εί
487 2700 547 2784 τήν
567 2697 655 2769 καθ’
669 2698 759 2789 ήμάς
780 2697 998 2791 ίωράιιεισαν·
1034 2694 1120 2770 ίίποιι
1140 2705 1289 2775 τοιαῦτα
1309 2703 1347 2774 τά

267 2814 328 2898 τής
347 2812 451 2894 νίκης,
473 2805 516 2887 ὡς
536 2810 650 2876 πᾶσαν
668 2817 730 2894 γῆν
749 2813 945 2898 περιελθεῖν,
965 2812 1019 2878 καί
1040 2807 1102 2898 τήν
1120 2805 1259 2898 εἰρήνην
1274 2819 1350 2904 ἔχειν

270 2919 467 3007 σάντροχονς
492 2909 579 2983 Ἡδὺ
596 2922 657 3002 μίν
676 2921 736 3004 καί,
754 2916 917 2984 θάλασσα
935 2917 1091 3009 ιμυγοϋοα
1107 2927 1278 3006 χειμῶνα,
1299 2935 1352 2998 καὶ

269 3027 352 3120 πρὸς
373 3027 506 3117 εἀρινήν
524 3019 711 3110 ἀπλουμένη
732 3021 892 3110 γαλήνην,
928 3027 983 3090 καί
1003 3021 1064 3108 τήν
1085 3025 1252 3116 ἐπιστολήν
1272 3027 1350 3099 ἀκό-

270 3159 400 3230 μαντον
420 3129 697 3224 παραυγάζουσα·
735 3131 773 3201 τὸ
795 3133 855 3201 σύν
875 3135 909 3200 δὲ
927 3129 1007 3218 ήμίν
1026 3131 1085 3220 ἔαρ
1106 3140 1225 3212 τοῦτο,
1255 3143 1313 3206 καί
1333 3131 1351 3220 ή

271 3253 331 3338 τῆς
353 3245 518 3335 χειμερίου
543 3239 653 3330 μάχης
681 3235 859 3327 ἀπόλυσις,
893 3241 948 3307 καί
977 3239 1015 3309 τό
1043 3247 1104 3328 τῆς
1129 3236 1267 3332 εἰρήνης
1292 3273 1353 3333 γα-

272 3360 409 3440 ληναίσν
436 3349 607 3420 οὐκέστιν
634 3347 706 3418 ὅτι
731 3352 829 3438 μέρος
855 3345 974 3436 ήδονής
1000 3346 1041 3419 ού
1069 3349 1282 3441 παρήλασεν.
1309 3352 1353 3424 ’Ὼ

272 3467 421 3548 πολέμων
442 3462 585 3539 ἐκείνων,
619 3465 653 3527 ἐν
674 3450 723 3535 οἷς
743 3456 834 3524 άπαν
853 3460 1006 3543 πολέμιον
1027 3459 1072 3536 είς
1093 3459 1210 3550 φυγήν
1230 3457 1356 3550 ἀμιτά·

272 3569 435 3660 στρεπτσν
458 3567 609 3658 ἔτρεψας.
646 3559 691 3630 Ὦ
718 3566 932 3652 καταιγίδων,
964 3559 1005 3646 τίς
1029 3564 1110 3654 ἡμῖν
1137 3566 1183 3650 τίς
1211 3569 1356 3659 αἰθρίαν

266 3690 445 3776 ’ίστρειγας
486 3675 532 3747 ’Ὼ
552 3676 733 3761 πολεμικῶν
754 3677 880 3742 ἐκείνων
899 3681 1056 3762 σεισμῶν,
1085 3675 1226 3758 οἳτούς
1252 3687 1355 3766 θεμε-

271 3794 359 3868 λίους
379 3792 445 3856 τῶν
460 3785 650 3873 Ῥωμαϊκῶν
670 3782 793 3851 πόλεων
812 3769 855 3869 ήν
875 3775 929 3850 ὅτε
949 3783 1235 3870 ύπονομτύσοιντες
1258 3787 1355 3876 άνιῤ-

273 3896 427 3982 ῥήγνυον.
467 3891 567 3966 Ἀλλά
592 3895 652 3962 νῦν
678 3889 757 3980 ήμῖν
783 3889 837 3960 ἐπ’
856 3878 1035 3982 ’ἀσφαλοῦς
1056 3899 1093 3962 αλ
1112 3892 1226 3976 πόλεις
1245 3891 1356 3986 ἰ’δρνν·

85 4047 95 4064 ·
176 4029 177 4035 ¹
259 4011 343 4087 ται,
366 3999 524 4092 ίίσίιιμὲν
544 3987 730 4080 κατέπεσον,
750 3997 940 4068 ἀναστᾶσαι
961 4001 1006 4079 είς
1023 3996 1199 4091 ἀριθμόν·
1218 3996 1304 4075 ίίσαι
1321 4005 1357 4072 δί
