2834 4772
300 448 376 524 3⁹⁰
729 471 944 524 εενσνυιεε.
1267 451 1342 544 [ειν.

270 695 272 706 ‚
299 621 362 705 τὴν
378 617 489 722 όσφ-ύκ
502 625 756 712 περιεζωσμένον
779 615 880 713 ιδρεν.
922 621 967 694 Εί
984 623 1049 711 χάρ
1068 627 1124 692 καί
1143 627 1275 718 φυσικούς
1291 625 1343 696 ἐνί·

301 732 435 812 θενδες,
456 728 530 798 ἀλλ’
548 726 568 820 ἡ
588 732 708 820 καρδία
726 756 786 800 σου
807 729 913 811 ίίλλως
928 727 1097 820 ἦγρύπνει,
1117 729 1201 802 κατά
1219 732 1272 814 τάς
1284 762 1341 828 φρυ·

300 843 417 925 νίμους
445 841 637 926 παρθένους
671 836 835 927 ἄσβεστον
872 839 933 930 τὴν
968 839 1131 927 λαμπάδα
1172 841 1342 930 κοσμήσασα.

306 946 421 1035 Τούτῳ
444 949 632 1016 τοίνυνκαὶ
655 949 701 1033 τῷ
724 949 816 1035 καλῷ
838 948 971 1043 νυμφίῳ
996 947 1081 1037 ἀωρὶ
1106 949 1165 1039 τῆς
1187 954 1341 1031 νυκτδςίλ·

299 1053 438 1127 θύνετ’
424 1059 559 1141 ετοίμως
579 1052 777 1144 ἀπήντηκεν.
848 1062 850 1074 ’

380 1167 432 1235 1⁶.
449 1164 575 1246 Ὄντως
596 1194 655 1236 του
641 1164 780 1236 πάλαι
797 1166 921 1255 χρυσοῦ
937 1169 1052 1252 γένους
1067 1162 1183 1255 κόμμα
1200 1191 1238 1237 συ
1228 1163 1340 1236 λουιίι·

192 1365 195 1374 A
300 1279 356 1344 καί
379 1273 473 1363 παρά
501 1283 606 1343 τοῦτο
619 1275 706 1344 κατά
731 1274 774 1344 τά
797 1273 923 1363 πάτρια
942 1278 1061 1345 ἐκείνου
1082 1275 1197 1364 βιούς,
1221 1275 1292 1346 ούτυ
1306 1280 1341 1342 ιιὶ

246 1440 248 1446 .
298 1387 468 1466 τέθνηκας
485 1384 624 1476 μαλακῷ
646 1387 845 1470 δεδμημένος
865 1383 972 1471 ὕπνῳ·
998 1385 1136 1480 μᾶλλον
1152 1391 1204 1467 δὲ,
1230 1383 1340 1470 συζεύξας

298 1494 457 1582 ξυνωρίδα
474 1490 606 1586 ἀδελφώ
625 1488 843 1580 διδυμεύοντε,
864 1485 968 1560 ύπνον
987 1497 1043 1562 καί
1062 1493 1227 1578 θάνατον,
1246 1497 1338 1579 ξυνυρυ

296 1597 416 1682 κεύσω,
449 1604 505 1670 καὶ
527 1599 718 1684 ε’πετάσθης
741 1600 826 1670 εύθύ
850 1608 913 1670 τού
932 1597 1041 1690 χώρου
1060 1605 1128 1670 τῶν
1155 1601 1286 1688 ζώντων,
1305 1607 1338 1670 ιιί

295 1711 362 1778 τῶν
380 1705 523 1799 ούρανοῦ
546 1711 656 1778 πυλῶν
674 1705 899 1795 ἀνοιγομένων
920 1732 973 1778 σοι
990 1715 1116 1801 χαίρων
1135 1710 1261 1793 εἶσέδυς,
1282 1708 1337 1779 καί
1375 1711 1376 1714 ’

296 1814 420 1904 στολὴν
438 1816 665 1905 ἀρχιερατικῆς
684 1813 779 1900 δόξης
801 1817 1038 1910 ἠμφιεσμένος,
1068 1823 1125 1888 καὶ
1144 1827 1214 1902 τοῖς
1230 1821 1337 1912 ἀμφιπν

294 1935 464 2014 νουμὲνοις
492 1925 529 1994 τὸ
555 1928 655 1994 ἐκεῖσε
680 1921 923 2014 θυσιαστήριον
952 1932 1226 2014 προστιθέμενος.
1259 1925 1336 2014 ζ’δνδα

292 2040 360 2106 τῶν
374 2038 522 2123 μίνπερί
538 2035 596 2102 τόν
611 2029 739 2122 Ἀαρὼν
754 2038 809 2102 καί
821 2031 987 2120 Σαμουὴλ
1002 2033 1020 2101 6
1038 2040 1165 2116 θίασος
1180 2035 1337 2107 ύπυνίστα

293 2149 351 2213 ταί
373 2167 428 2212 σοι
449 2149 504 2210 καί
523 2143 697 2230 προεδρίας
716 2143 978 2232 παραχωροῦσιν,
1008 2137 1197 2229 αἰδούμενοι
1219 2146 1254 2216 ού
1268 2142 1336 2232 μόνον

291 2251 336 2333 ὥς
351 2257 499 2377 ίεραρχίφ
513 2253 696 2341 σεμνοτέρρι
711 2249 752 2332 τῇ
765 2248 853 2318 κατά
873 2247 1024 2336 Χριστόν
1040 2256 1268 2340 ἐπιπρέπουσα,
1284 2243 1335 2320 dna·

293 2390 350 2432 και
367 2356 409 2440 ὡς
423 2360 665 2447 λαμπροτέροις
678 2364 742 2425 τῶν
763 2383 831 2444 παρ
863 2359 994 2435 δκείνοις
1013 2367 1146 2485 χρυσῶν
1166 2366 1292 2450 ροΐσκυιν
1304 2376 1378 2439 και

255 2505 269 2543 .·
293 2467 451 2558 κωδώνων
471 2463 702 2553 κυκλούμενον,
732 2459 782 2544 οἷς
801 2459 1060 2550 εύαγχελικῶς“
1036 2495 1109 2544 αμα
1126 2475 1184 2538 και
1206 2471 1338 2559 ῥητορικός

292 2577 560 2665 ύιτερήστραπτὲς
579 2600 614 2642 τε
636 2601 692 2643 και
682 2571 1002 2661 ύπερεβρόντας
965 2600 1007 2643 τα
1025 2572 1112 2645 κατά
1135 2575 1196 2646 τόν
1211 2575 1378 2664 ύπόζορν

294 2684 400 2771 νόμον
418 2689 472 2751 καί
492 2679 699 2774 ἰσχνόφωνον
717 2679 878 2770 σύμβολα.
925 2682 998 2752 Των
1015 2679 1045 2751 δ
1068 2685 1102 2751 ἐν
1121 2688 1165 2781 τῇ
1185 2685 1282 2776 χάριτι
1296 2675 1338 2750 πί·

115 2796 117 2804 ’
215 2837 221 2858 .
294 2798 347 2861 λιν
369 2789 476 2881 ἀκρων
497 2795 552 2858 καί
578 2793 701 2882 σοφίας
721 2787 876 2884 στεφάνφ
899 2788 960 2881 τὴν
979 2790 1147 2880 ἱερατικὴν
1168 2799 1339 2876 ἐπικεκοσμν·

295 2897 403 2970 κόταν
421 2902 550 2990 κίδαριν
576 2900 676 2968 ἔνθεν
701 2905 762 2986 μὲν
782 2897 970 2988 Κλήμεντος
991 2904 1048 2969 καί
1067 2897 1235 2972 Διονύσιοι
1251 2917 1339 2988 προνν·

293 3015 447 3090 παντοῖαι
470 3013 525 3076 καί
552 3006 829 3098 περιπτύσσονταί
850 3031 902 3089 σε,
934 3013 1103 3097 χαίροντες
1126 3017 1177 3103 τῷ
1199 3009 1288 3098 ὁμοίρ
1305 3005 1340 3070 τό

294 3117 383 3186 κατά
402 3116 508 3186 τἀυτά
525 3123 639 3210 σφίσιν
656 3117 869 3186 ύποκλίναντι
887 3111 1340 3212 τῆνἝλληναῐφιλοσοφίαντῇ

298 3227 515 3352 Χριστιανικῄ
539 3231 710 3318 θεοσοφίρ
734 3228 790 3291 καὶ
817 3227 918 3318 σεμνῇ
940 3229 1092 3321 δεσποίνη
1112 3229 1285 3296 σπουδαίαν
1298 3221 1340 3284 δε·

296 3331 483 3421 ράπαιναυ·
522 3334 623 3403 ἔνθεν
650 3337 684 3404 δὲ
707 3336 878 3401 Βασίλειον
903 3338 960 3402 καί
989 3337 1170 3423 Γρηχόρισι
1200 3323 1341 3416 δεξιοίυῐσί

195 3513 198 3526 ,
268 3439 347 3524 ’σε,
384 3447 440 3510 καὶ
463 3444 527 3517 τῶν
551 3438 633 3532 παρ’
662 3437 774 3541 αὐτοῖς
797 3445 1071 3528 συχκληρονομεῖν
1100 3438 1228 3524 ἀξιοῦσι
1247 3433 1340 3530 μόνον’

295 3541 346 3630 οἷς
367 3549 441 3617 κατ’
470 3551 608 3628 ἐκείνους
631 3553 830 3633 περιέθηκας
856 3547 982 3634 κόσμον
1005 3557 1046 3644 τῇ
1065 3552 1219 3641 ἐκκλησίᾳ
1240 3539 1344 3614 πολύτι-

294 3683 377 3746 μον,
403 3653 521 3743 λόγους
540 3657 711 3748 λαμπρούς
734 3683 790 3726 και
811 3653 978 3744 δόγμασιν
997 3654 1215 3744 εύαχχελικοῖς
1231 3673 1342 3744 reym-

294 3771 414 3850 μένους
431 3767 646 3853 θαυμασίίις,
673 3769 727 3832 καί
745 3761 788 3843 ὡς
805 3766 840 3834 εἴ
850 3791 901 3843 τις
919 3761 1051 3859 ἀρχόρω
1063 3762 1186 3854 χρυσός
1206 3768 1342 3850 ἒπιχὲυῐν·

287 3861 342 3942 Η
362 3901 427 3943 που
449 3881 506 3944 καὶ
528 3889 596 3953 τοῖς
622 3879 694 3962 περὶ
717 3870 776 3942 τὸν
802 3871 947 3959 ζηλωτην
978 3877 1094 3954 Φινεὲς
1116 3874 1177 3942 ούκ
1203 3859 1339 3955 ἄζηλα
1314 3887 1342 3930 τε

295 3981 381 4050 κατὰ
400 3991 435 4050 σί
458 3989 513 4051 καί
535 3981 641 4058 ἀλλοις
661 3976 824 4069 ἀδήριτος
860 3975 1076 4052 Ἀνθίλκουσι
1097 3985 1133 4052 δέ
1153 4007 1189 4053 σε
1207 3984 1257 4050 καί
1275 3963 1344 4044 ov¹⁰⁸

295 4079 378 4168 πρὸς
403 4085 538 4164 ἑαυτούς
561 4109 617 4154 και
634 4087 814 4166 καθίζουσι
832 4080 1013 4172 πάρεδρον,
1035 4079 1209 4184 είδότες,’
1189 4109 1231 4162 υς
1244 4077 1344 4150 αλυίῡῑί
