2834 4772
82 378 192 470 11.]‘
287 399 541 452 ευεειιειιιυε
566 397 977 458 τυεεεειοσιστυειε,
1079 379 1166 455 ’409

81 550 195 648 φόβον
221 551 307 638 ελχσν
333 553 392 621 τοῦ
418 561 543 641 πεσεῖν,
577 555 780 640 δρεισθεῖσαι
807 557 864 621 καὶ
884 553 1097 620 καταστᾶσαι
1116 561 1161 633 τίς

81 663 251 754 ἀσφαλές·
278 660 394 747 μυρίαι
415 662 523 727 δὲκαὶ
543 661 579 726 ἐκ
600 663 716 747 καινῆς
731 665 969 748 πυργωθείσαι,
989 655 1074 729 ίίπου
1089 666 1161 730 καί·

81 793 167 860 ριον.
209 763 441 856 Προαρπάζεις
466 769 531 855 γάρ
552 765 734 837 κάνταῦθα
749 765 794 837 ’τό
815 773 931 866 μέλλον
953 766 1076 854 όμαατι
1097 775 1166 839 διο-

83 876 218 966 ράσεως.
270 867 361 944 θότω
388 884 456 952 τοῖς
482 878 616 964 ἐχθροῖς
639 873 794 968 σφάλλεις
820 876 881 955 τάς
907 874 1038 962 βάσεις·
1076 871 1162 946 οὕτω

80 986 146 1076 τὴν
166 987 230 1072 γῆν
250 982 361 1061 αὐτοῖς
381 997 507 1069 μετρεῖς
528 991 571 1061 είς
591 982 715 1070 βραχό·
753 977 838 1050 οότω
858 996 1063 1071 στενοχωρεῖς
1083 988 1162 1054 ἐκεί-

83 1120 158 1173 νοις
184 1093 244 1188 τὴν
269 1079 406 1172 σίτησιν.
460 1088 632 1177 Τριβόλοις
658 1098 720 1177 μὲν
747 1078 806 1159 οὖν
837 1095 985 1178 σιδηροῖς
1014 1095 1075 1182 τὴν
1102 1097 1168 1162 τῶν

81 1205 249 1287 πολεμίων
268 1195 461 1267 καταπάσαι
481 1196 639 1278 πεδιάδα,
670 1194 713 1276 ός
741 1194 784 1265 άν
805 1198 851 1281 τίη
872 1200 1004 1278 ἐκείνοις
1025 1204 1169 1290 ἐμπείρε-

89 1315 183 1379 σθαι
201 1313 257 1376 καὶ
278 1305 339 1386 τάς
358 1304 473 1393 βάσεις
493 1305 724 1400 σφάλλεσθαι·
761 1310 815 1372 καί
838 1305 937 1373 άλατι
956 1323 1172 1400 κατασπεῖραι

87 1415 153 1506 τὴν
173 1411 352 1503 δράσιμον,
376 1410 419 1493 ὡς
439 1411 482 1480 όν
502 1413 669 1501 ἀκαρπίαν
690 1407 709 1499 ἡ
732 1413 881 1504 ζείδωρος
903 1415 1015 1510 ἐνέγκῃ
1037 1413 1167 1498 αὐτοῖς·

91 1530 150 1595 καὶ
174 1519 347 1611 βοθύνους
372 1521 550 1610 ὑπωρόξαι,
567 1529 611 1600 είς
636 1517 806 1607 ποδάγρας
830 1517 943 1618 ἰ’ππιυυ
968 1549 1002 1592 τε
1030 1531 1086 1592 καί
1113 1524 1173 1595 άν-

97 1635 201 1722 δροῦν·
242 1635 298 1699 καὶ
326 1623 433 1698 ίίδατα
461 1627 627 1722 φαρμάκῳ
653 1627 886 1713 δηλήσασθαι,
921 1628 995 1698 οίίττ
1021 1642 1174 1717 γενναίου

97 1739 196 1810 οὐδέν
223 1764 256 1805 τι
283 1734 407 1805 τούτων
426 1735 508 1821 (ποῦ
532 1737 597 1823 γάρ
621 1747 772 1824 γενναῖον
799 1735 837 1804 τό
864 1731 1025 1820 όπουλον;
1055 1747 1120 1810 ποῦ
1140 1748 1175 1813 δὲ

100 1847 251 1935 άνδρεῖον
271 1845 309 1915 τό
331 1843 499 1930 δόλιονς),
536 1850 591 1913 καί
612 1844 685 1912 οὐδὲ
706 1842 793 1914 πάνυ
814 1841 896 1930 πρός
917 1845 1059 1933 ἀγχόνην
1078 1852 1178 1942 σφίγ.

98 1983 151 2044 γει
171 1955 229 2026 τόν
252 1947 558 2040 ἐπιβουλευόμενον·
592 1949 711 2039 χρόνος
731 1950 795 2038 γάρ
819 1959 925 2020 ταῦτα
944 1957 1069 2044 βραχὺς
1090 1955 1177 2045 ἀπή.

97 2091 191 2151 γαγε.
224 2061 375 2150 Φρούρια
395 2064 429 2128 δὲ
446 2056 614 2144 Ῥωμαϊκά
634 2065 688 2126 καί
710 2057 819 2138 πόλεις
837 2055 1031 2153 ὁπλοφόρων
1046 2065 1177 2154 ἀνδρῶν

96 2171 157 2241 διυί
177 2170 284 2253 πάσης
304 2172 363 2256 τῆς
383 2169 447 2236 τῶν
467 2165 667 2236 ὑπεναντίων
687 2169 747 2253 γῆς
768 2172 971 2257 διασπεῖραι,
993 2171 1078 2238 άλλά
1099 2181 1177 2242 τοῦ·

95 2305 139 2348 το
160 2284 297 2360 θετέον,
329 2272 406 2344 δ’ποι
434 2301 482 2354 τις
508 2275 661 2360 βούλεται
685 2279 905 2362 στρατηγικοῦ
924 2277 1175 2367 μηχανήματος.

8 2409 11 2420 ’
104 2391 213 2456 Τοῦτο
248 2390 303 2456 καὶ
336 2385 422 2454 κατὰ
457 2381 628 2471 τριβόλους
663 2383 724 2460 τάς
761 2387 1034 2473 ε’πιτειχιζομένας
1068 2389 1176 2468 πόλεις

95 2503 303 2584 κατέστρωσε
334 2501 405 2572 τοῖς
439 2495 584 2580 ἐχθροῖς.
623 2490 779 2584 Σφάλλει
807 2491 874 2582 γάρ
901 2495 1033 2572 ἐκείνοις
1062 2495 1107 2563 τά
1133 2494 1177 2576 είς
1206 2543 1213 2565 ι

100 2601 221 2674 όίυετον
245 2598 542 2696 διαβήματα,”καί
562 2596 604 2678 ὡς
624 2593 696 2668 οἷον
716 2596 882 2687 άλοπήγια
902 2601 942 2694 τῇ
963 2609 1026 2668 τῶν
1044 2602 1179 2691 βαρβά-

102 2735 171 2804 ρων
194 2706 359 2798 πήγνυται
379 2712 436 2803 γῇ,
466 2701 516 2786 οἷς
535 2703 594 2775 οὐκ
616 2707 744 2796 ἔχουσιν
765 2711 880 2777 ἐκείνοι
899 2709 942 2776 τά
962 2712 1097 2797 σηνήθη
1117 2716 1177 2800 γῆ.

100 2826 169 2888 θεν
190 2820 421 2906 καρπίζεσθαι.
451 2815 631 2902 Ἀνοίγεται
652 2820 686 2885 δὲ
707 2822 763 2886 καὶ
784 2809 892 2904 τόσπιρ
912 2813 958 2894 είς
977 2815 1180 2900 βαθύτατον

103 2925 275 3014 βόθυνον,
305 2923 358 2996 ὅτι
383 2933 439 2996 καὶ
462 2929 620 3018 κατασπᾷ
646 2923 726 3012 πρός
746 2923 898 3016 ὄλεθρον.
944 2923 1182 3013 Φαρμάττεταε

102 3037 140 3104 δὲ
161 3038 218 3102 καί
237 3035 280 3113 ὡς
299 3042 343 3114 είς
365 3033 574 3119 δηλητήριον,
595 3029 639 3100 δι’
657 3025 701 3100 ὧν
720 3036 874 3125 περιϊστᾷ
893 3031 951 3102 τόν
969 3032 1181 3114 κίνδυνονείς

105 3142 147 3212 τό
169 3146 243 3237 ζῇν,
277 3148 333 3211 καί
354 3139 400 3221 εἰς
419 3141 526 3228 βραχό
547 3149 658 3228 μετρεῖ
678 3140 736 3208 τόν
754 3144 830 3227 βίον
850 3140 972 3218 αὐτοῖς.
1020 3139 1179 3210 Τοιοῦτον

102 3255 318 3340 πεπείρανταί
335 3274 394 3320 σου
413 3256 576 3337 μαχητρῦ,
603 3250 755 3328 νικῶντος
774 3243 839 3330 όεί,
865 3243 1059 3334 εὐμηχάνου,
1082 3253 1183 3317 πολυ·

103 3356 272 3446 μηχάνου,
293 3363 527 3448 πολιορκητοῦ,
547 3357 739 3446 πολιούχου,
760 3353 877 3450 πάντα,
890 3355 1060 3443 ίσχόοντος
1080 3359 1116 3422 ἐν
1137 3360 1183 3443 τῷ

107 3470 347 3552 ἐνδυναμοῦντί
382 3489 418 3536 σε
451 3468 536 3559 θεῷ.
588 3462 716 3553 Ἀμέλει
755 3470 810 3534 καί
848 3466 1094 3552 καθαιροῦνται
1126 3467 1187 3552 τῆς

108 3572 252 3666 όφρόος,
286 3581 341 3646 καί
362 3573 406 3656 είς
427 3578 576 3644 δουλείαν
599 3598 652 3644 σοι
671 3571 939 3659 καθυπάγσνται.
984 3575 1100 3642 Οἴδασι
1125 3582 1200 3659 μὲν·
1280 3627 1287 3637 ,

105 3675 171 3753 οὖν
190 3685 284 3754 αὐτοὶ
306 3685 348 3754 τά
369 3687 506 3752 τοιαῦτα
528 3686 779 3771 πρατρπαθώς·
816 3685 925 3752 οἴδασι
946 3680 1007 3760 τάς
1028 3679 1089 3760 σός
1110 3679 1188 3769 άρι·

107 3797 237 3873 στείας,
259 3787 309 3872 οἷς
330 3793 424 3861 αὐτοὶ
445 3792 589 3860 ἔπαθον.
633 3788 830 3869 Οἴδασστός
850 3793 1105 3876 μεγαλουργίας·
1127 3791 1187 3859 οὐκ

109 3895 274 3983 ἀγνοοῦσι
302 3902 343 3968 τά
372 3907 437 3980 τοῖν
465 3901 569 3986 ἔργον
596 3894 783 3983 τεράστεια,
818 3902 873 3965 καὶ
899 3894 958 3979 ὡς,
993 3899 1058 3966 τῶν
1083 3895 1187 3968 πάλαι

109 4010 277 4094 βασιλίσιν
297 4006 605 4098 άκρωτηριαζόντων
625 4001 696 4076 οἷον
717 4001 853 4090 αὐτοῦς,
882 4008 924 4076 σὺ
948 4013 1052 4094 μέσας
1076 4003 1189 4086 αὐτοῖς
