2846 4770
466 385 772 452 raorsoomrns.
1055 385 1151 444 atax

84 535 201 606 neurim
227 549 330 618 esset,
361 536 547 608 edoceretur.
602 536 651 603 lbi
668 534 774 603 incidit
791 534 824 601 in
844 534 980 600 honines
999 554 1149 621 resonos,
1198 589 1201 599 .
1281 571 1282 578 ι

39 726 40 733 ¹
83 667 200 732 quorum
227 636 390 708 daemonas
413 641 485 708 lieet
510 641 600 708 inriti
625 639 781 708 veritatem
805 637 835 706 ei
854 638 1066 722 inanimatam,
1095 664 1150 729 per
1182 627 1184 632 ¹

81 747 211 816 conticis
239 750 275 814 S.
297 746 594 834 Demetrioingeste
620 747 803 827 clamantes,
833 743 1024 830 semipsum
1052 745 1149 810 hastis

81 855 247 920 confossum
268 860 332 929 (so.
353 855 516 934 Sanctum)
538 829 642 922 navas'
658 875 762 917 omnes
783 849 1032 930 Thessalonicam
1051 849 1149 915 abdu-

80 961 170 1025 xisse.
211 957 329 1038 Quibus
348 957 461 1023 auditis
482 957 532 1023 vir
551 957 630 1043 pius,
651 957 798 1022 somnium
812 972 822 1030 ΙΙ
835 975 999 1039 vocemque
1014 953 1147 1020 auditam
1158 958 1201 1026 49

78 1063 187 1129 firmins
206 1061 407 1148 amplectens,
428 1061 586 1128 veritatem
606 1075 705 1127 tamen
726 1081 785 1124 uon
806 1059 991 1144 discernens,
1011 1059 1148 1146 suspica·

82 1183 142 1246 tur,
162 1165 279 1256 lllyrici
298 1169 481 1250 praelectum
501 1167 651 1232 bominem
671 1187 777 1245 suum,-
794 1163 996 1245 Demetrium,
1017 1163 1149 1247 misisse,

81 1273 129 1358 qui
153 1285 261 1338 nantas
288 1269 498 1336 immentarios
525 1271 666 1336 suasione
692 1291 747 1334 sua
772 1253 828 1334 r'el
849 1267 882 1334 ri
902 1268 1150 1334 Thessalonicam

77 1379 213 1444 mitteret.
256 1376 365 1442 Statim
388 1375 589 1462 suspicionem
615 1397 701 1440 suam
728 1371 824 1437 eidam
849 1376 1018 1459 praelecto,
1049 1373 1151 1437 Thes·

81 1481 240 1548 salonicam
260 1479 392 1561 te'necti,
413 1501 468 1564 per
486 1478 590 1544 literas
610 1480 722 1566 aperit;
749 1477 819 1544 dein
839 1478 930 1545 etiam
951 1480 1049 1545 comiti
1062 1479 1151 1569 Aby-

81 1589 155 1652 deno
183 1589 221 1672 (a
249 1608 308 1671 quo
334 1583 494 1682 timebat),
526 1583 577 1668 qui
596 1596 689 1648 totam
708 1607 770 1648 rem
789 1582 961 1670 imperatori
983 1574 1149 1652 denuntiat.

81 1695 185 1776 Aque
205 1688 322 1779 lllyrici
341 1687 509 1775 praesentas
528 1711 582 1774 per
600 1687 703 1753 literas
719 1687 902 1773 increpitus,
924 1689 1095 1774 juramento
1115 1713 1149 1754 se

81 1794 259 1876 obstrinxit,
280 1794 427 1859 neminem
446 1815 466 1858 a
486 1815 520 1860 sc
538 1792 661 1857 missurn
681 1791 786 1874 luisse,
806 1793 866 1860 nisi
885 1794 916 1858 in
936 1793 1072 1860 Siciliam
1094 1793 1149 1873 (ob

78 1901 266 1980 frumentum,
287 1912 376 1984 putor
397 1907 537 1963 Actorum
558 1885 636 1962 eninr
656 1896 750 1962 verba
769 1896 856 1979 haec,
877 1899 999 1980 utalia,
1019 1900 1149 1979 tacent);

79 2029 143 2070 eum
169 2027 243 2068 vero
273 2003 398 2068 necdum
423 2020 577 2068 reversum
605 2023 688 2082 esse,
718 2023 773 2065 nec
793 2002 939 2067 Demetrii
962 1983 1069 2068 riomen
1090 2002 1149 2066 ba·

78 2111 149 2176 bere
165 2110 254 2188 (Ab.
274 2109 333 2171 SS.
357 2106 380 2171 l.
397 2128 422 2172 c.
451 2129 517 2192 cop.
532 2107 677 2171 tta-7⁵.
699 2107 1002 2192 pog.129-131.).
1032 2108 1148 2172 Eodem

75 2213 244 2303 praefectus
271 2209 384 2275 auctori
407 2209 497 2294 hujus
517 2209 696 2276 narrationis
716 2209 812 2288 dixit,
842 2209 1011 2295 Chiumque
1030 2195 1149 2296 scripsit

73 2314 222 2406 Abydeni
243 2312 360 2377 consitis
379 2310 525 2378 ministro.
574 2312 718 2378 Vidimus
739 2311 857 2400 pristini
875 2313 962 2395 aeri,
991 2335 1079 2400 quant
1100 2314 1149 2378 di·

78 2435 163 2501 cnnt,
199 2414 456 2504 superstitionem,
485 2433 522 2480 eo
547 2438 666 2502 quoque
691 2415 810 2480 nomine
835 2417 1036 2503 singularem,
1067 2419 1148 2505 quod

78 2531 107 2592 S.
127 2521 300 2598 Demetrius
322 2521 386 2604 jam
411 2535 473 2585 turn
494 2543 553 2590 non
574 2519 670 2616 solum
689 2542 744 2606 per
762 2514 877 2586 somnia
896 2520 957 2588 vim
978 2545 1062 2588 suam
1081 2524 1147 2588 iere

78 2629 206 2697 divinam
228 2624 405 2708 exercebat,
438 2625 649 2710 verumetiam
669 2634 701 2691 rit
720 2623 931 2692 Dioscurorum
951 2651 1027 2694 uuus
1047 2627 1146 2704 nantis

78 2733 244 2811 assidebat3
273 2733 356 2816 eujus
383 2731 428 2798 rei
452 2732 534 2798 aliud
560 2730 729 2816 exemplum
753 2730 842 2818 paulo
862 2729 988 2798 inferius
1008 2735 1145 2807 afferam.

78 2845 175 2904 Taceo
202 2837 241 2902 de
268 2837 386 2920 arrhis,
416 2859 490 2922 quas
517 2835 615 2901 nautis
642 2834 751 2900 Chium
778 2835 1000 2922 appellentibus
1019 2841 1146 2927 Byzan·
1181 2895 1185 2905 f

77 2946 204 3030 tiuuque
230 2943 399 3029 petentibus
425 2940 465 3006 ab
490 2941 557 3027 ipso
579 2944 612 3004 S.
632 2937 785 3004 Demetrio
811 2940 898 3006 datas
925 2964 993 3006 esse
1012 2941 1144 3008 namatio

77 3048 223 3137 Anonymi
236 3047 384 3134 perbibet.
418 3046 625 3130 Unusquisque
641 3043 720 3107 enim
734 3044 837 3110 Sancti
852 3068 924 3133 opes
937 3070 992 3135 par
1005 3045 1144 3133 publicae
1163 3107 1164 3110 ,

78 3153 250 3218 calamitatis
277 3152 463 3218 occasionem
489 3173 509 3213 a
534 3146 651 3212 clericis
671 3147 746 3229 Ejus
771 3149 931 3236 prudenter
956 3151 1144 3238 humaneque

76 3274 208 3343 erogatas
236 3257 331 3322 fuisse
364 3252 533 3338 intelliget3
569 3275 624 3330 reo
653 3243 742 3337 lacit,
777 3267 810 3332 ut
838 3255 1015 3325 sententiam
1044 3279 1142 3324 meam

77 3379 200 3445 mutem,
242 3360 385 3448 praelecti
414 3355 694 3434 Thessalonicensis
716 3427 720 3436 x
725 3359 936 3444 jusjurandum
970 3358 1143 3446 imperatori

77 3466 213 3532 delatum.
254 3465 322 3530 Alia
341 3461 471 3530 licebant
491 3463 566 3529 viris
586 3462 708 3544 sanctis,
731 3463 801 3528 licet
821 3463 888 3530 urbi
908 3463 1010 3550 regiae
1029 3463 1151 3530 victura*

77 3568 313 3636 abstrahentibus
325 3569 528 3650 (frumentum,
548 3565 657 3633 Chium
675 3566 802 3644 insulam
819 3581 1067 3654 praetervectms,
1089 3589 1142 3632 ur·
1181 3605 1183 3611 ·

78 3671 121 3738 bis
139 3674 241 3760 regiae
258 3675 356 3756 erat);
395 3673 456 3752 alia
484 3670 628 3747 secularis
657 3670 922 3748 administrationis
946 3669 1139 3752 homiuibus,

79 3777 125 3860 qui
144 3802 160 3843 e
178 3777 283 3844 Sicilia
302 3792 416 3844 remota
435 3774 752 3868 Thessalonicensiunr
771 3800 892 3844 suorum
911 3775 1139 3860 annooeetprm

77 3883 183 3967 spicere
202 3881 396 3966 jubebantur.
438 3881 667 3949 Liberalissime
687 3879 760 3947 raro
780 3881 1139 3948 Thessalonicensem«

63 3981 139 4053 'culo
157 3987 350 4072 duodecimo,
372 3977 459 4075 capta
477 3975 532 4076 per
549 3989 737 4054 Norrnanuos
755 3985 849 4069 urbe,
868 3982 1002 4076 ejusdem
1019 3985 1136 4080 διθρ-
