2824 4770
404 391 407 398 ‘
440 397 442 404 ’
499 414 751 469 υιιωτιω
1039 473 1043 478 ,
1127 394 1155 472 b

79 571 204 647 sinum
218 565 488 652 Thmmaicum
509 567 719 650 habitantes
740 583 859 676 ragno
877 595 948 650 auo
964 567 1156 678 mhjioare

76 701 219 797 posset.
338 684 346 694 ’

170 869 240 946 Est
262 867 356 944 haec
384 892 431 944 ea
455 867 822 966 Thessalonicensis,
861 867 980 948 immo
1002 867 1155 966 Byzan·

74 996 175 1070 tinae
203 992 381 1070 historiae
413 1019 529 1092 pars,
566 994 633 1084 uhi
672 1019 801 1072 rerum
837 996 988 1072 illarum
1024 991 1155 1069 coaevi

75 1121 275 1218 scriptores
303 1117 460 1213 Graeci,
485 1118 590 1218 typis
620 1119 765 1196 dudum
790 1121 973 1222 evulgati,
1003 1124 1156 1218 praeter
1228 1145 1232 1152 ·

72 1243 301 1342 Byzantium
329 1267 442 1318 suum
467 1223 561 1316 nihil
585 1245 830 1332 admirantes,
861 1251 1031 1320 ceterum
1055 1241 1154 1318 futili

72 1371 315 1466 molestaque,
331 1367 629 1466 breviloquentia
652 1371 884 1466 laborantes,
908 1370 1062 1445 tandem
1085 1367 1156 1442 ali-

71 1495 225 1593 quando
249 1499 399 1567 nostrae
422 1492 527 1574 urbis
552 1517 694 1569 nomen
724 1504 763 1600 et
791 1495 1016 1571 memoriam
1044 1516 1156 1568 reco-

72 1620 174 1714 lunt3
202 1618 308 1726 cujus
331 1616 510 1692 fortitudo
533 1626 681 1696 tantum·
704 1619 898 1714 effecerat,
923 1626 967 1694 ut
988 1619 1156 1715 impera·

71 1754 130 1850 tor
146 1747 316 1823 Graccus
340 1755 451 1828 extra
471 1749 656 1842 cancellos
677 1747 777 1822 muri
798 1743 1029 1822 Anastasiani
1054 1741 1155 1817 limi-

71 1878 128 1946 tes
146 1871 255 1972 regni
267 1871 489 1970 Europaeos
500 1869 767 1969 promoveret,
781 1879 896 1969 atque
913 1894 1019 1948 oram
1037 1867 1154 1945 mods

69 1993 210 2098 Aegaei
234 1996 470 2095 proximam,
495 1993 568 2068 nisi
589 1995 684 2092 alia,
709 2001 967 2104 recuperaret.
1115 2025 1118 2029 ¹

95 2133 99 2140 ’
168 2158 386 2256 Insequenti
415 2181 512 2234 aevo
538 2161 691 2256 (seculo
712 2156 813 2251 vus)
843 2158 973 2237 evenit
991 2157 1150 2233 rebellio

66 2265 336 2364 sclavinorum
358 2281 712 2378 Macedonicorum,
743 2283 897 2360 Graecis
923 2282 1152 2380 parentium.

65 2411 148 2492 Sed
175 2406 248 2484 fuit
271 2430 318 2482 ea
341 2406 450 2482 brevi
473 2427 666 2505 repressa3
703 2407 805 2480 undo
831 2404 973 2482 factum
1000 2413 1076 2502 est,
1093 2409 1153 2482 'ut

65 2532 220 2628 Graeci,
254 2530 451 2607 Stauraoio
473 2532 592 2626 duce,
623 2528 857 2607 Thessaliam
881 2554 1034 2629 quoque
1058 2555 1149 2616 cum

64 2653 209 2758 reliqua
238 2655 395 2732 Graecia
424 2657 567 2732 intrare
598 2655 699 2750 ausi,
741 2653 958 2754 Sclavinos,
984 2637 1147 2734 illarum

67 2792 258 2859 terrarum
281 2781 476 2902 hominos,
503 2782 754 2858 debellarent.
898 2867 901 2875 ¹

157 2946 383 3024 Macedonia
411 2944 581 3042 Slavica,
620 2927 727 3038 circa
745 2967 888 3020 annum
911 2943 1148 3022 christeae

68 3099 91 3150 a
115 3073 272 3150 Graecis
296 3079 535 3170 recuperata,
567 3073 719 3170 quando
742 3069 945 3172 imperium
965 3069 1150 3146 ecclesiae
1176 3139 1181 3148 .

67 3197 232 3274 Graecae
254 3196 431 3290 subierit,
455 3197 623 3272 nondum
646 3197 788 3273 inveni.
838 3196 1001 3299 vestigia
1029 3220 1147 3295 quae·

66 3321 151 3396 ‹lam
181 3327 221 3394 et
248 3309 394 3396 semina
420 3319 508 3394 fidei
533 3319 787 3417 Christianae,
832 3321 872 3400 in
901 3321 1036 3397 animis
1063 3321 1173 3397 illo·=

65 3469 150 3518 rum
173 3444 424 3520 harbarorum
445 3443 676 3541 pullulantis,
708 3454 835 3521 nostra
859 3447 1042 3520 bellorum
1063 3444 1171 3536 Slas

64 3569 253 3678 vicorum,
278 3591 517 3644 sec0v1.v11.
541 3577 746 3669 gestorum,
771 3569 925 3646 historia
948 3575 1147 3646 monstrat.
1198 3575 1201 3581 ’

159 3693 424 3810 Solavinorum
435 3731 765 3810 Macedonicorum
776 3735 823 3811 al
838 3734 953 3810 fidam
965 3732 1145 3810 Christia-
1223 3827 1226 3837 ι

65 3881 151 3934 nam
171 3859 370 3935 conversio
390 3857 553 3933 multum
575 3858 775 3936 contulisse
792 3859 944 3938 videtur
964 3859 1014 3934 ad
1034 3858 1147 3960 regni

65 3979 196 4106 Grae-ci
219 3983 394 4065 euntem.
441 3983 500 4065 lta
521 3983 597 4064 fine
618 3983 737 4064 sectili
755 4011 813 4064 rx.
835 3983 977 4066 facturn
999 3990 1077 4082 est,
1102 3989 1145 4060 ut
