2824 4770
238 381 304 431 xrs
620 369 934 433 roocsoomartm

237 554 305 598 earu
331 531 442 598 delude
467 529 673 598 celebritatem
699 530 763 598 suis
788 528 856 596 alre
881 529 989 617 opibus
1010 518 1078 592 siv'e
1098 523 1325 596 calamitatibus

237 650 328 703 nacte
346 649 411 718 est,
444 650 478 701 ut
498 649 666 724 postremo,
700 650 787 724 capta
812 657 867 723 per
892 640 1026 702 Francos
1055 630 1322 721 eomunrinspoti

7 793 27 814 .,
140 815 144 820 ,
238 761 269 805 a.
284 740 358 807 Ghr.
377 763 408 828 p.
424 739 528 822 1204,
549 741 724 833 secundum,
744 740 828 814 huod
842 763 911 812 raro
928 739 1057 840 primunr
1074 737 1195 814 illorum
1210 761 1330 830 regnos

238 866 305 921 rum
325 844 424 916 lucum
443 844 605 922 obtineret,

586 1115 588 1122 ’
676 1097 796 1187 ΟΑΡ.
834 1099 884 1189 11.

535 1213 1057 1343 υἰιιιιειᾙοοιη,Ι

105 1473 118 1516 ¹‘
218 1549 220 1552 Ι
319 1469 453 1534 Graecos
471 1469 659 1555 potissimum
678 1475 719 1541 ab
739 1473 956 1560 antiquissimis
975 1473 1160 1561 temporibus
1180 1473 1321 1540 Theseae

237 1569 365 1636 lonlvam
387 1571 569 1659 incoluisse,
588 1578 657 1666 ipso
677 1578 797 1646 uomina
818 1578 901 1645 orbis
922 1583 1040 1646 Graeca
1059 1576 1196 1644 decenn
1218 1580 1323 1644 Anne„

237 1675 313 1742 dont
341 1676 423 1742 nomi
448 1677 579 1748 civitatis
608 1685 808 1772 imperatorii,
837 1685 888 1770 qui
914 1708 953 1748 ne
972 1699 1034 1750 tuto
1061 1683 1201 1770 quiden,
1226 1705 1320 1770 quom

238 1777 357 1843 colonia
374 1783 511 1848 Romana
531 1808 568 1852 eo
585 1787 715 1856 deducta
735 1803 815 1855 esset
838 1795 928 1867 (sont
947 1802 1082 1875 tempora
1101 1790 1228 1870 Decii),
1258 1788 1321 1854 lius·

237 1905 298 1966 gua
315 1887 431 1952 Graeca
450 1889 564 1974 rejecta
582 1893 722 1959 Latinam
741 1895 931 1981 adoptarunt.
973 1893 1180 1980 Philipporum
1199 1915 1320 1978 quoquc

236 1985 319 2050 numi
340 1989 474 2072 linguam
495 1995 640 2062 Graecam
661 2022 812 2084 uunquam
833 1999 1051 2084 deposuerunt,
1072 2021 1163 2084 quom
1183 1997 1320 2082 reliquae

165 2142 170 2151 .
235 2092 438 2162 Romanorum
465 2097 601 2165 coloniae
622 2104 757 2167 Graecae
784 2101 899 2189 pridem
921 2101 1031 2166 Latino
1050 2125 1188 2168 sermone
1208 2101 1240 2167 iu
1261 2125 1320 2166 uu-

234 2195 292 2262 tnis
312 2197 376 2262 soie
396 2191 571 2287 uterentur,
600 2209 672 2276 coll.
694 2207 844 2282 Eolshulio
865 2210 905 2273 D.
930 2210 974 2273 V.
997 2209 1039 2272 Ν.
1065 2208 1104 2273 T.
1120 2208 1152 2272 2.
1174 2229 1245 2294 pag.
1262 2206 1318 2274 80.

235 2299 554 2373 Thessalonicensium
583 2335 657 2379 vero
686 2315 736 2380 vel
761 2313 839 2380 adeo
863 2311 1098 2384 Thermaeorum
1127 2335 1233 2376 numos
1258 2311 1316 2376 sols

181 2430 186 2434 ·
234 2407 435 2474 Macedonum
455 2411 582 2500 imperio
603 2442 661 2484 nou
679 2399 777 2504 magis
797 2418 956 2504 anquiren,
978 2437 1067 2502 quom
1087 2413 1215 2482 aliarum
1227 2416 1320 2501 ejus«-

200 2511 303 2582 Bdem
331 2511 417 2594 regui
445 2515 583 2600 urbium,
614 2525 687 2589 coll.
710 2521 874 2589 Tittmanni
894 2520 1006 2588 lillrror
1044 2521 1240 2606 Darstellung
1260 2523 1316 2585 der

232 2613 441 2699 griechischen
475 2623 809 2714 Staatsuerfsssongen.
858 2626 982 2713 Lipsiae
1013 2626 1106 2691 1822.
1144 2649 1216 2714 pag.
1242 2626 1316 2692 ³95.

231 2719 327 2784 Extat
359 2717 479 2802 quidem
508 2747 630 2808 numus,
665 2733 751 2815 cujus
785 2731 881 2796 alters
915 2753 987 2817 pars
1011 2730 1188 2818 inscriptum
1222 2729 1317 2796 hahet

230 2825 532 2896 ΚΑΣΑΝΛΡΟΥ
579 2855 645 2898 curn
689 2835 787 2922 capite
823 2835 984 2902 Minervae
1031 2837 1173 2922 galeato,
1216 2833 1314 2901 altera

233 2935 635 3006 ΘΕΣΣΑΛΟΝΙΚΗΣ
666 2962 732 3005 com
766 2962 845 3025 equo
879 2943 1056 3007 decurrente
1092 2955 1122 3007 et
1156 2942 1247 3006 clava
1280 2940 1313 3004 io

231 3063 325 3120 aree,
373 3043 444 3108 coll.
477 3046 629 3112 lichhelio
666 3046 688 3113 l.
718 3068 746 3112 o.
784 3049 874 3110 Tom.
897 3047 930 3112 2.
967 3069 1039 3134 pag.
1067 3043 1139 3111 115.
1194 3048 1313 3111 Verum

232 3147 473 3230 Θεσσαλονίκης
507 3175 615 3216 nomeu
645 3150 810 3225 Cassandri
844 3151 926 3236 rogis
953 3154 1113 3237 conjugem
1142 3150 1311 3238 spectabit,

229 3277 288 3319 uon
310 3253 414 3320 urbem
434 3256 540 3340 ejusve
560 3256 742 3344 Nympham.
796 3255 888 3321 Alios
914 3256 999 3321 urhis
1026 3278 1132 3321 numos
1159 3255 1210 3338 (si
1236 3279 1309 3322 vere

228 3372 297 3425 scot
326 3358 408 3424 orbis
437 3364 595 3443 nostroe),
625 3359 836 3444 imperatorum
862 3362 1048 3446 quorundam
1069 3360 1308 3450 Byzantinorum

228 3460 392 3546 sanctique
413 3465 577 3546 Demetrii,
607 3463 659 3549 qoi
680 3477 725 3528 est
742 3459 1059 3535 Thessalonicensiom
1080 3471 1308 3551 Rossorumque

227 3581 387 3655 patronos,
407 3565 556 3653 imagines
576 3583 606 3633 et
625 3567 744 3633 nomina
765 3567 922 3652 hahentes,
943 3571 975 3636 in
995 3586 1081 3658 parte
1100 3572 1307 3657 geographica

226 3694 296 3759 pag.
313 3668 382 3735 136.
405 3672 544 3758 exposui.
584 3677 671 3739 Nunc
691 3672 855 3738 videndum
874 3675 913 3739 de
933 3680 1069 3742 Graecae
1088 3676 1211 3761 linguae
1232 3675 1306 3741 latis

226 3775 305 3860 epod
329 3774 616 3842 Thessalonicenses
641 3775 696 3863 per
720 3776 811 3840 medii
837 3776 907 3842 aeri
931 3778 1100 3847 decureum.
1140 3785 1242 3846 Taceo
1264 3781 1304 3845 de

227 3879 336 3944 seculis
356 3878 471 3964 Christi
497 3882 595 3947 tartio'
609 3897 639 3946 ot
660 3894 785 3964 quarto,
818 3903 895 3967 quae
916 3883 1006 3967 paolo
1026 3883 1151 3950 inferius
1171 3884 1308 3951 illustra·

226 3984 284 4066 ho,
305 3982 358 4047 uhi
376 3986 415 4051 ad
435 3983 525 4058 Decii
543 3984 733 4074 imperatoris
751 3997 886 4074 tempora
904 3984 1101 4058 descendero.
1142 3993 1244 4056 Taceo
1266 3991 1307 4054 de
