2846 4770
269 371 419 432 Lxxxvr
568 421 572 437 ,
649 377 956 428 eaosnccnrsrtu.

225 548 230 560 ’
266 533 310 598 ris
336 527 446 596 Graeci
463 500 711 592 ‹denuntiationes
737 524 843 590 detulit
867 525 1014 592 adversus
1037 524 1268 617 Runcltinonum
1295 549 1348 592 re·

267 650 348 720 gem,
368 630 487 698 nomine
507 627 707 707 Perbnndum,
727 629 822 697 veluti
842 630 894 714 qui
913 631 1025 699 aflectu
1041 632 1198 720 animoque
1218 632 1349 700 fraudu·

266 739 348 804 lento
368 737 454 802 mala
466 733 613 800 adversus
627 731 874 800 Thessalonicam
890 736 1086 804 meditaretur
1101 739 1184 817 (ΔΑ.
1198 737 1257 804 SS.
1273 736 1298 800 1.
1315 759 1345 805 c.

267 842 458 929 aap.185.).
495 837 563 911 *cni
590 835 735 904 delationi
761 838 852 906 fitlem
880 839 1009 907 liabens*
1026 840 1188 926 imperator
1220 845 1346 920 (nomen

266 947 333 1029 ejas
352 951 428 1012 Acta
446 941 549 1028 Sancti
568 963 651 1012 mare
670 963 725 1008 suo
745 941 919 1026 emittunt),
940 944 1090 1030 praelecto
1110 945 1281 1028 mandarit,
1311 959 1346 1014 ut
1420 953 1421 960 ’

266 1049 479 1138 regem'illutn
500 1047 636 1135 (ῥῆγα),
666 1070 787 1132 quoquo
814 1047 901 1114 modo
927 1047 987 1114 sibi
1006 1047 1179 1136 videretur,
1208 1050 1343 1114 vinctum

213 1155 348 1222 coreno
369 1157 380 1217 ll
395 1156 436 1221 ael
461 1155 561 1226 aulam
584 1153 769 1239 inperialem
796 1153 941 1234 mitterem
973 1153 1021 1218 cui
1047 1153 1144 1236 jussui
1165 1153 1344 1240 obsequium

265 1281 326 1326 uon
346 1260 461 1348 deluit.
510 1256 704 1336 Perbnntlus,
734 1255 773 1324 iis
800 1255 908 1323 diebus
933 1255 1169 1326 Thessalonicae
1194 1281 1342 1340 veresas,

266 1363 435 1450 corripitur,
452 1363 591 1447 lentoque
606 1347 724 1428 vincins
737 1360 1239 1450 Constantinopolin'tranamittitnr
1255 1365 1343 1446 tas.

266 1473 324 1536 SS.
345 1469 425 1536 l.-c.⁴
440 1491 506 1554 cap.
530 1467 601 1534 186.
619 1489 650 1552 p.
673 1457 771 1540 174.)-

216 1587 220 1600 ¹
273 1607 276 1618 ·
347 1577 394 1640 Ea
418 1593 453 1638 re
478 1569 582 1636 andita
606 1568 696 1634 binae
714 1567 851 1641 nationes
871 1568 1028 1659 stevieae,
1057 1592 1100 1636 ao.
1121 1568 1344 1654 Runclrini,

266 1699 392 1765 querunt
418 1697 475 1740 rex
499 1672 676 1742 Perbnntlus
703 1685 787 1754 erat,
822 1685 852 1736 et
878 1675 1110 1764 Strymonii,
1140 1698 1194 1761 pet·
1219 1673 1343 1741 nuntios

266 1782 307 1848 ab
326 1780 517 1866 imperatore,
536 1800 603 1852 cum
617 1777 779 1844 Satasenis
798 1791 858 1842 tum
878 1779 1019 1864 temporis
1040 1778 1184 1861 bellante,
1205 1781 1344 1868 postula·

266 1899 351 1963 runt,
378 1905 417 1950 ne
436 1907 504 1950 eum
524 1883 721 1963 interficeret,
750 1881 805 1946 sed
824 1881 1077 1949 sibi-remitteret.
1118 1883 1343 1969 Respondetur,

267 1989 353 2082 linito
385 1989 465 2054 bello
484 1987 669 2054 Saraceniccl
688 1985 842 2076 remissum
868 1985 906 2050 iri
928 1987 1137 2068 Perbuntlum3
1165 1987 1246 2074 quoti
1266 1987 1344 2054 iram

267 2117 369 2158 eorum
389 2094 429 2159 ad
448 2107 564 2178 tempus
583 2089 714 2156 sedavit.
754 2089 930 2156 Perbuntlns
950 2113 1033 2170 vero,
1050 2084 1179 2175 jurante
1196 2093 1346 2160 Caesare·

267 2223 350 2269 orum
371 2197 563 2286 interpretum
583 2218 660 2276 uno,
681 2193 755 2276 suga
774 2194 910 2280 elapsus,
931 2195 970 2262 ad
991 2193 1067 2261 alios
1085 2195 1244 2262 Sclavinns
1260 2199 1345 2284 (By-

248 2303 366 2368 'santio
393 2318 464 2389 puto
488 2300 662 2391 propiores)
690 2321 724 2363 se
751 2297 885 2364 contulit.
926 2301 1015 2378 Quod
1041 2300 1081 2367 ad
1109 2322 1194 2368 suam
1222 2313 1345 2386 gentem

266 2431 326 2472 non
346 2406 493 2494 pervenit,
514 2409 548 2475 S.
563 2403 708 2472 Demetrii
723 2400 870 2470 beneficio
886 2404 1063 2491 Anonymns
1078 2403 1192 2474 tribuit.
1227 2403 1346 2486 Quodsi

268 2511 347 2599 epim
368 2511 406 2574 ad
422 2533 493 2576 suos
506 2508 650 2588 venisset,
672 2530 691 2573 e
708 2505 787 2570 bello
805 2506 898 2572 atroci
914 2506 1059 2575 adversus
1074 2506 1232 2594 imperium
1246 2514 1345 2576 Gree-

268 2635 369 2677 corum
388 2614 444 2679 vix
465 2609 669 2677 abstinuisset.
711 2613 850 2679 Ceterum
869 2609 1044 2676 Perb‘undus
1064 2613 1170 2697 eluga
1184 2629 1345 2696 retractus,

188 2759 193 2773 κ
262 2719 352 2803 jussu
371 2715 558 2804 imperatoris
578 2713 748 2780 inter-lectus
769 2727 826 2779 est.
866 2717 1080 2782 Verumtamen
1101 2740 1140 2780 ne
1158 2715 1204 2781 sic
1222 2717 1347 2803 quidem

268 2819 588 2887 Thessalonicensibus
607 2841 626 2883 a
644 2817 723 2882 bello
744 2817 852 2901 quietis
872 2841 939 2885 esse
959 2820 1054 2886 licuit.
1095 2825 1232 2913 Namque
1252 2845 1343 2888 unm

266 2926 311 2988 eis
332 2925 490 2990 seruante
508 2925 612 2991 illatae
630 2938 764 3010 tempore
780 2921 881 2989 variae
900 2937 1006 3008 gentes
1020 2924 1173 3007 slavicae,
1194 2924 1343 3012 imprimis

266 3031 457 3118 Strymonii,
482 3031 665 3109 Ruoclsini,
693 3029 872 3114 Segudati,
901 3027 981 3094 bello
1008 3029 1110 3096 urbem
1137 3031 1339 3098 lacessebant.

264 3139 315 3199 Ae
334 3133 460 3221 primum
481 3134 600 3219 quidem
621 3134 720 3199 vicina
741 3134 838 3200 omnia
859 3135 935 3213 loca,
955 3133 1062 3199 incolis
1081 3134 1113 3198 in
1133 3135 1340 3221 captivitatem

265 3238 418 3332 abductis,
448 3239 568 3305 biennio
589 3238 707 3324 integro
728 3237 861 3324 quotidie
881 3238 1055 3324 depraedati
1074 3254 1154 3307 suut.
1196 3243 1244 3308 llo
1264 3256 1343 3308 tent·

166 3347 176 3372 ⁸
264 3365 337 3428 pore
366 3365 431 3408 cum
460 3343 763 3425 Thessalonicenses,
791 3342 946 3410 obsidione
973 3343 1112 3410 diuturna
1139 3345 1254 3430 pressi,
1286 3371 1342 3414 nec

151 3483 155 3490 ·
265 3465 420 3512 terraneo
440 3448 514 3514 mari
535 3446 687 3533 quidpiam
708 3447 923 3514 annonaesibi
944 3469 1116 3534 comparare
1137 3467 1271 3536 possent,
1294 3454 1343 3519 l'e·

194 3591 197 3604 ·
266 3575 329 3618 mes
350 3568 410 3625 tarn
431 3553 532 3622 salida
553 3553 705 3621 civitatem
725 3552 835 3620 invasit
842 3599 853 3637 ,
880 3565 930 3636 nt,
950 3553 1050 3622 multis
1069 3553 1140 3622 licet
1159 3570 1283 3646 propter
1302 3559 1343 3626 il·

267 3821 317 3877 SS.
342 3820 361 3892 l,
385 3821 442 3887 c),
474 3818 613 3885 iudicium
635 3835 720 3876 snum
742 3820 780 3878 de
826 3817 874 3878 rit.
908 3823 976 3875 Earn
996 3837 1037 3882 se.
1058 3837 1111 3903 pm
1129 3820 1202 3883 trus
1217 3781 1344 3898 iniusta.

267 3905 404 3974 praelecti
434 3904 704 3962 Thessalonicensis
728 3907 780 3961 de·
826 3921 883 3980 qne
899 3904 1008 3964 habuit.

268 3990 443 4048 rttrntiatloue
469 3989 562 4062 reguli
583 3989 688 4050 Slavici
710 4007 779 4064 ape·
