2834 4772
32 393 38 408 '
104 377 210 472 ιιι,
299 401 556 505 τυετιτιιιυε
578 403 979 508 ταιεειιοιιτοτιιειι.
1103 389 1179 464 ³81

108 554 199 626 τονί·
234 543 340 622 καλ“’
317 579 337 620 ο
363 578 397 622 τι
424 500 485 623 ίίν
495 556 694 684 φθέγξαιτο,
723 551 818 647 φανὴ
844 557 895 638 τίς
922 561 995 628 ἐστι
1018 562 1099 631 θεία
1127 569 1185 638 καλ

105 655 240 753 θεσμός
263 661 518 764 τεχνολογίας
497 662 632 749 απόσης
652 660 930 752 ὑπιρανεστηκιὺς,
962 672 1018 736 καί
1037 669 1184 743 κανόνων

88 774 215 869 ἱκανιδν
245 797 291 858 μη
317 769 521 857 κινούμενος,
553 778 610 840 καί
636 767 679 851 ὡς
698 781 768 853 τοῖς
786 779 1093 868 Πυθαγορικοῖς
1058 803 1097 847 το
1118 783 1184 854 αὑ-

104 883 176 961 τός
196 879 329 971 ἔφατο
350 877 628 967 προβαλλόμενος.

189 992 243 1056 ll·
267 977 332 1056 Οὑκ
351 983 395 1055 ίίν
416 976 475 1056 οὑν
496 984 705 1074 θαυμάζοιμι
724 990 851 1072 λοιπόν,
873 988 1030 1063 εἰτοιοίδε
1049 999 1104 1062 καί
1125 990 1183 1066 οὑ·

101 1113 170 1176 τως
190 1095 309 1184 ἀρετῆς
335 1100 389 1162 καὶ
405 1098 543 1231 σοφίας
556 1093 735 1183 ἀκρόπολις
756 1095 885 1166 δυοῖν
865 1101 1014 1188 ηπείροιν
1032 1102 1183 1196 αμφὴρι-

104 1229 186 1284 στος
210 1211 359 1292 γέγονεν·
393 1203 436 1282 ὡς
455 1209 508 1272 καί
529 1200 548 1288 ἡ
567 1201 689 1272 καθ’
671 1206 759 1292 ημᾶς
778 1197 863 1290 αὕτη
884 1204 977 1286 πόλις
998 1214 1093 1289 θεοῖς
1113 1237 1184 1282 τισι

101 1309 242 1384 παιδικά
268 1337 349 1381 ποτε
374 1317 570 1415 γιγενέσθαι
596 1295 825 1401 μεμύθευται,
861 1318 917 1384 καὶ
945 1311 1097 1402 σύμβολα
1123 1323 1183 1408 τῆς

101 1420 180 1492 κατ’
207 1421 315 1509 ἔρωτα
342 1425 448 1512 φασὶν
472 1407 577 1508 έρίδος
604 1419 663 1490 τὸν
688 1422 747 1504 τῆς
768 1425 878 1500 ἐλαίας
898 1422 1030 1491 θαλλὸν
1048 1430 1185 1498 καὶτοῦ

103 1530 275 1617 Πειραιῶς
296 1524 335 1596 τὸ
354 1532 521 1612 μηνοειδὲς
542 1533 598 1598 καὶ
618 1525 758 1617 νήνεμον
778 1526 910 1617 ῥόθιον.
957 1527 1081 1598 Οἴα
1040 1559 1106 1624 γαρ
1127 1541 1184 1624 κᾳλ

102 1637 222 1728 ἡπερλ
244 1639 343 1706 τοῦτο
369 1643 573 1723 καινοτομία.
619 1633 851 1726 Ἐμυηστεὺετο
872 1644 931 1722 μέν
951 1663 1020 1720 σοι,
1054 1629 1079 1707 ὦ
1105 1648 1185 1712 καλέ

103 1748 149 1816 τὰ
171 1744 283 1815 πάντα
309 1750 365 1814 καὶ
391 1743 501 1813 κάλλει
526 1745 634 1832 ψυχῆς
660 1744 757 1835 ιίραῑε
779 1742 821 1811 οὑ
841 1743 934 1832 παρὰ
955 1744 1085 1828 πάντας
1105 1751 1184 1831 τοὺς

102 1863 166 1924 νῦν
192 1852 282 1932 υίοὺς
310 1854 374 1920 τῶν
401 1848 606 1942 ἀνθρώπων,
636 1848 657 1935 ἡ
684 1853 743 1938 τῆς
766 1852 891 1930 Λυκίας
917 1853 1135 1944 μητρόπολις·
1149 1859 1182 1944 *J

100 1955 159 2033 ότι
180 1967 234 2030 καῖ
256 1969 315 2049 τῆς
336 1957 529 2046 ἱερωσύνηςς
554 1961 597 2039 ιίς
617 1957 839 2028 ἄλλουκαλοῦ
859 1961 996 2042 παντὸς,
1028 1965 1124 2052 ἐχρῆν
1144 1987 1182 2034 σε

102 2097 145 2165 τη
130 2070 317 2160 ἐκκλησία
337 2075 536 2158 προκεῖσθαι
555 2093 638 2156 μετα
660 2063 823 2154 Χριστόν
832 2069 1005 2138 ἐκτυπὲν’
986 2075 1182 2161 αρχέτοπον,

103 2183 163 2248 τόν
188 2183 242 2246 καὶ
269 2176 333 2266 πρὸ
357 2182 415 2246 τοὺ
436 2184 555 2263 σεμνοῦ
574 2172 738 2263 ποδήρους
760 2172 819 2261 τὴν
839 2174 991 2243 καθόλου
1012 2177 1182 2248 δικαιοσὺ

102 2313 167 2370 νην
182 2288 416 2370 ἐνδεδυμένον
405 2287 695 2372 ιεροπρεπὲστατα.
724 2281 833 2372 Πρινὴ
854 2271 930 2350 δὲ
910 2307 993 2368 ηιοαι
1011 2285 1070 2354 τὸν
1087 2313 1184 2356 πνευ-

100 2392 247 2482 ματικὸν
265 2389 441 2480 ὑμέναιον,
462 2388 481 2480 ἡ
505 2396 727 2482 πολυέραστος
747 2395 802 2457 καί
824 2391 1034 2476 πολυμνήστη
1056 2395 1184 2464 Θεσσα-

100 2509 215 2585 λονίκη
237 2499 422 2589 αἰσθομένη
445 2501 505 2567 τοῦ
524 2504 714 2586 γενομένου,
744 2503 798 2566 καί
820 2499 863 2576 ὠς
881 2497 1006 2592 βαρεῖοίΙ
1021 2505 1071 2580 τις
1092 2499 1184 2572 ἀντί-

101 2615 198 2696 ζηλος
226 2609 332 2678 δεινὸν
357 2605 559 2696 ἡγησαμένη,
591 2615 617 2674 εὶ
642 2607 769 2675 τοιοῦδε
791 2608 936 2698 νυμφίου
957 2610 1050 2700 έτέρρι
1070 2631 1184 2699 παρα·
1256 2663 1259 2672 .

100 2720 280 2810 χωρήσετε,
306 2717 435 2806 χηρεύει
456 2744 489 2786 τε
511 2717 715 2804 παραχρῆμα
736 2715 841 2804 ὥσπερ
862 2718 1024 2802 ἐπίτηδες,
1054 2723 1108 2787 καὶ
1127 2745 1184 2805 με·

106 2833 241 2894 θέλκειν
261 2830 411 2914 πειραται
435 2824 517 2914 πρὸς
537 2822 667 2912 ἑαυτήν.
711 2823 804 2911 Δεινὴ
828 2826 864 2891 δέ
883 2850 933 2904 τις
953 2823 1019 2914 ι’ίρα
1040 2825 1106 2914 ἔρις
1126 2818 1187 2896 αὑ-

104 2959 149 3018 τη
166 2947 239 3002 ταῖν
257 2940 439 3018 έκκλησῖαιν
452 2931 675 3028 ἀμφοτέραιν·
697 2933 819 3000 ταυτὸν
836 2934 871 2998 δὲ
890 2928 996 3014 εἰπεῖν,
1015 2930 1109 3002 Ἀσία
1128 2947 1185 3006 καλ

103 3037 249 3127 Εὐρώπη
269 3039 462 3176 ρίυέῤῥωγεν.
503 3043 549 3110 Ἡ
567 3047 639 3163 aiv·
648 3034 714 3126 γὰρ
735 3038 778 3115 ιίε
798 3035 861 3130 ἤδη
881 3044 1067 3128 μνηστῆρος
1088 3039 1187 3130 ἆπρῖξ
1224 3041 1226 3048 '

104 3147 284 3238 περιείχετό
304 3173 379 3232 σου,
409 3154 463 3218 καὶ
485 3145 574 3217 δεινὰ
595 3144 734 3238 πάσχειν
753 3143 849 3232 ρ’ίετο,
877 3149 967 3275 εἴπερ
985 3150 1187 3233 εγγοηθεῖσα

107 3281 182 3339 σοι,
212 3256 318 3338 αλλως
338 3263 372 3326 δὲ
390 3262 444 3364 καί
463 3255 686 3346 ὑπερκειμένη,
715 3259 771 3324 καί
796 3250 908 3333 πόσας
928 3280 988 3332 τας
1007 3252 1059 3345 οίφ
1065 3251 1186 3343 ’ἡλίου
1245 3279 1247 3284 ‘

107 3359 331 3435 ἆνατολῶν’
291 3391 335 3434 ευ
352 3357 520 3452 γεγονυίας
539 3363 765 3453 ὑπεραίρουσα,
787 3365 922 3452 προσέτι
942 3366 977 3430 δὲ
997 3365 1052 3430 καὶ
1071 3388 1189 3451 πατρι-

106 3473 175 3541 κῶν
193 3469 306 3562 μόρων
328 3470 497 3555 ἆπόζουοα
518 3465 629 3554 ηδιον,
660 3461 729 3578 εἶτα
750 3474 1065 3559 παραγκωνισθεῖσα
1086 3473 1190 3540 καλου
1209 3501 1212 3509 ⁴

105 3581 298 3670 μνησΐῆρθς
325 3577 571 3670 διαζνγὴσεται·
609 3579 629 3664 ἡ
657 3570 717 3646 δ’
714 3606 756 3647 αυ
740 3566 897 3663 πόλιν,
928 3574 987 3648 όίτε
1015 3579 1099 3668 μετὰ
1125 3579 1189 3663 τὴν
1277 3593 1281 3604 ⁴
1397 3573 1398 3598 ³

140 3766 169 3832 ⁴⁸)
196 3772 241 3824 De
265 3770 319 3824 hac
345 3785 398 3825 ειιε
424 3767 563 3825 electione
587 3768 625 3822 ad
671 3769 758 3822 rebus
771 3770 945 3823 Graecorum
958 3763 1103 3836 Τοτοίοίε,
1122 3766 1189 3820 Ser-

106 3853 244 3908 thronum
266 3857 438 3925 myrensem
459 3851 625 3910 Ειιειειῖιίιιι
647 3849 763 3922 Ἰδαία,
795 3851 929 3922 Venetis,
959 3851 1074 3908 siculis.
1120 3847 1191 3916 Eius

106 3939 147 3994 ad
165 3939 353 3993 Emnnuelem
373 3935 444 4008 imp.
467 3937 626 3994 orationem
672 3938 867 4010 apographum
888 3937 981 3993 habeo
1002 3951 1019 3994 ο
1043 3933 1191 3994 codicibus

106 4020 227 4095 habuit,
254 4037 329 4094 quae
349 4019 517 4084 εἰοιαῖῖοιε
533 4029 581 4082 εει
593 4026 627 4080 in
674 4020 899 4082 oxoniensibus-
