2866 4770
625 387 633 408 ⁸
689 402 906 457 ιιιιιιιιιιιιιιι.
1248 379 1358 471 [cnr.

703 865 827 946 CAP.
853 866 906 948 ll·

459 1013 462 1020 ’
490 1048 728 1133 nususuums
749 1051 1126 1135 uunsssuomcuusise

723 1206 895 1220 ψ-

345 1339 532 1427 Quicumque
548 1339 834 1418 Thessalonicensis
856 1363 923 1407 mea
943 1341 975 1407 iu
995 1340 1251 1409 antecedentibus
1269 1347 1358 1410 evol·

176 1462 180 1468 '
263 1447 328 1528 vit,
363 1445 455 1529 hujus
481 1445 540 1510 viri
569 1467 675 1510 nomeu
705 1447 736 1512 iu
766 1447 875 1532 quavis
904 1447 968 1513 lere
996 1446 1107 1534 pagiua
1138 1446 1356 1534 deprehendit.

263 1555 380 1618 Tantus
409 1551 487 1616 euim
513 1550 689 1636 scriptorum
719 1533 783 1634 ejus
810 1551 955 1616 minorum
984 1575 1011 1617 s.
1033 1549 1250 1637 opusculorum
1272 1575 1293 1616 u
1314 1577 1357 1618 me

262 1655 409 1731 editorum
438 1678 510 1720 usus
537 1669 583 1720 ast
608 1654 648 1719 ad
668 1655 877 1742 exponendam
897 1655 1052 1720 historiam
1073 1669 1165 1739 atque
1185 1657 1356 1742 antiquita·

261 1774 321 1826 tem
343 1759 665 1841 Thessalonicensem,
694 1759 785 1823 immo
811 1759 901 1825 etiam
923 1758 1142 1848 Byzantium,
1174 1775 1207 1823 ut
1237 1779 1356 1848 praeter

261 1875 337 1931 Acta
358 1867 392 1933 S.
413 1863 561 1947 Demetrii
580 1864 624 1928 nil
645 1864 784 1950 equidem
804 1865 993 1947 invenerim,
1015 1888 1074 1950 quo
1095 1863 1233 1932 civitatis
1255 1867 1353 1958 incly-

231 1993 235 2002 ·
260 1985 309 2035 tae
329 1974 394 2036 fata
413 1969 519 2034 melius
535 1967 680 2033 illustrari
698 1985 819 2054 queant,
841 1993 930 2054 quom
951 1993 989 2034 ea
1007 1969 1074 2056 ipsa
1094 1969 1268 2036 doctissimi
1289 1993 1352 2038 ou·

260 2072 341 2138 nium
362 2071 598 2138 Thessalonicae
618 2078 788 2160 praesulum
809 2090 1010 2141 monumenta.

340 2180 396 2242 Est
416 2200 490 2242 saue
508 2171 685 2266 Eustathius
706 2178 858 2245 hominum
880 2178 1062 2243 eruditorum
1081 2175 1152 2243 aevi
1170 2179 1350 2246 Gomnesici

260 2282 414 2368 vergentis
435 2282 573 2368 princeps
592 2295 682 2366 atque
699 2283 925 2366 antesignanus,
945 2284 1063 2368 fuitque
1078 2284 1143 2368 ejus
1157 2284 1244 2368 apud
1261 2307 1350 2350 eoae

260 2412 317 2454 vos
343 2402 426 2452 tauta
452 2385 635 2468 auctoritas,
665 2401 715 2465 ut,
745 2386 796 2471 qui
821 2385 910 2450 istam
937 2386 1080 2453 historiae
1107 2401 1226 2475 purtem
1259 2389 1348 2454 uotis

261 2494 440 2577 quandoque
461 2491 540 2555 curis
559 2466 674 2555 tehtare
695 2493 810 2569 volent,
832 2489 977 2574 penitiore
997 2489 1209 2576 disquisitione
1233 2489 1273 2556 de
1293 2489 1349 2558 riri

262 2597 382 2680 egregii
399 2596 462 2682 vita
483 2591 681 2681 supersedere
700 2615 760 2658 uon
781 2615 871 2682 posse
893 2595 969 2660 mihi
988 2593 1160 2660 rideantur·

261 2713 265 2722 ’
342 2702 417 2765 Eam
450 2717 571 2786 operam
599 2699 661 2762 alio
689 2713 840 2786 tempore,
872 2697 900 2764 si
925 2703 992 2766 Deo
1019 2698 1186 2787 placuerit,
1224 2699 1348 2766 uheriss

261 2799 440 2890 praestahoe
471 2800 569 2867 haheo
597 2803 676 2864 enim
703 2803 776 2868 satis
802 2803 915 2884 multe,
946 2801 1055 2889 quihus
1081 2817 1114 2869 ut
1141 2804 1348 2870 fundamentis

261 2906 439 2993 quibusdam
457 2905 499 2970 uti
514 2903 621 2992 pulerit
636 2905 785 2990 ejusmodi
801 2905 967 2972 ventilatio.
999 2907 1121 2975 iuterim
1137 2908 1168 2972 in
1183 2907 1347 2996 propositis

259 3008 370 3089 habeo,
383 3009 434 3074 isti
446 3009 592 3074 volumini
607 3010 717 3076 libellis
731 3009 909 3097 quibusdam
924 3032 1103 3076 coaevorum
1118 3011 1244 3079 ineditis
1257 3037 1348 3102 prae·

260 3113 383 3196 ludere,
404 3113 455 3199 qui
476 3133 525 3179 res
544 3130 635 3200 atque
655 3115 747 3180 vitem
768 3117 920 3202 Eustachii
940 3130 1092 3205 spectant,
1112 3137 1173 3182 nou
1192 3118 1346 3204 ingratum

261 3219 395 3284 secturus
429 3219 489 3289 (sic
517 3223 620 3304 spero)
653 3217 825 3286 hominihus
857 3220 1058 3303 doctioribus,
1092 3221 1241 3308 imprimis
1270 3243 1347 3288 vera

263 3321 388 3389 Graecis
402 3322 620 3405 Macedonicis,
636 3344 761 3409 quorum
778 3325 907 3410 majores
922 3321 1128 3412 metropolitae
1140 3325 1238 3392 nostri
1253 3345 1345 3414 prse-

262 3427 350 3492 couio
378 3427 500 3514 egregie
519 3426 699 3511 illuminati,
728 3428 852 3515 ejusque
880 3429 992 3497 virtute
1018 3450 1079 3496 neu
1105 3433 1201 3497 murel
1227 3446 1345 3498 mutu

260 3549 281 3596 a
299 3525 395 3597 variis
416 3553 514 3598 rerum
534 3529 731 3597 incommodis
751 3531 868 3598 deleusi
889 3548 969 3602 suut.

338 3633 428 3718 Quod
449 3653 482 3702 ut
501 3636 554 3704 via
572 3651 603 3703 et
621 3635 739 3704 tafiuue
756 3637 916 3726 pracedat,
938 3639 1102 3728 repetenda
1120 3639 1242 3706 ridetur
1261 3637 1345 3705 rori·

258 3775 502 3793 ψ

312 3855 343 3921 *)
373 3849 515 3910 Errslathii
529 3869 543 3926 ,·
573 3852 772 3927 metropolitae
821 3852 976 3930 scriptores
992 3857 1149 3914 Panaretus
1170 3861 1200 3912 et
1213 3856 1343 3930 Eugeni-

261 3937 542 4009 Thessalonicensis,
552 3943 699 4012 opuscola.
715 3945 773 3996 Ac·
823 3959 885 4000 cus.
919 3943 1051 4000 francof.
1071 3941 1272 4022 adu-183².

260 4024 366 4080 cedunt
383 4023 616 4096 'l'raperuutioee
635 4023 773 4086 historiae
