2854 4770
87 337 146 430 ια]
276 349 529 406 τοεοιυοτοε
554 339 953 400 τοεεεοεουιοεοειε.
1063 313 1155 392 ³⁶3

83 517 133 583 ἐπὶ
155 519 224 588 τοῖς
243 501 356 592 λόγοις
379 503 617 589 δεδημοσίευτυ.
658 499 732 564 Νῦν
753 497 787 564 δὲ
808 496 903 581 μέχρι
927 485 987 574 τῆς
1007 492 1154 576 ἱστορίας

83 619 255 702 ἑστήκασι,
287 616 425 680 κολωνοί
453 635 537 688 τινες
563 604 654 685 ὄντες
678 597 860 733 μνηαάτων
887 597 1155 688 ἀργαιοπριπάν,
1203 609 1205 616 “

83 725 335 860 666666616666'
320 726 454 810 ερείπια.
498 717 613 786 (λλσθα
628 720 724 802 γοῦν,
746 705 764 780 6
784 706 941 795 ποιήσεις
960 703 1016 774 ἰ’να
1031 705 1079 794 μή
1093 730 1152 773 σου

81 837 232 932 ἡσυηία
260 827 438 914 ἀπόληται
483 829 570 912 Λέγε
600 821 681 911 παρ’
709 819 786 904 ἡμῖν
814 829 880 896 τοῖς
909 817 1079 896 ἀκούουσι,
1107 815 1169 946 μη
1217 874 1219 878 .
1269 894 1273 902 Ι

86 947 282 1020 κατατείνων
305 937 363 1008 τὸν
380 939 519 1026 βρόχον,
544 932 590 1022 μὴ
615 927 808 1018 ὑπερτεῖνον
830 924 887 993 τόν
910 922 1081 1017 φάρυγγα,
1111 922 1157 1009 μὴ

86 1057 265 1144 συμπιέζων
293 1045 351 1116 τόν
373 1041 531 1133 θώρακα·
565 1038 638 1111 ἀλλ’
658 1031 872 1126 ὑπαγορεύων
893 1039 939 1120 τῷ
958 1039 1161 1158 γραμματεῖ,

88 1171 136 1236 καί
168 1156 358 1290 κροννηδόν
378 1150 457 1254 ἡμῖν
490 1153 608 1238 ἐγγίων
640 1143 717 1226 τούς
744 1141 859 1232 λόγους
891 1149 926 1212 ὲν
957 1139 1162 1230 γράμμασιν.
1210 1203 1213 1210 .

91 1267 177 1342 (δύτω
194 1297 248 1346 τοι
267 1271 323 1334 καὶ
342 1292 362 1346 η
350 1251 499 1350 καρδία
519 1251 574 1328 διαί
596 1281 684 1334 τινος
704 1251 827 1340 ἀγγους
849 1247 887 1318 τό
909 1249 1070 1338 θερμὸν“
1056 1247 1164 1320 α’παν-

90 1409 142 1462 τος
162 1378 372 1460 κατασπεῖραι
393 1372 453 1438 τοῦ
474 1365 642 1454 σώματος·
670 1367 724 1434 καί
742 1360 781 1430 τό
799 1351 888 1448 ἧπαρ
906 1359 983 1428 διά
979 1361 1037 1442 τῆς
1053 1363 1163 1442 κοίλης

93 1484 267 1578 ἐποχετεύει
294 1479 333 1554 τό
351 1474 435 1566 αἷμα
456 1483 524 1558 τοῖς
547 1485 674 1561 μλρεσι
703 1475 759 1538 καὶ
782 1466 799 1538 ό
823 1473 1001 1558 ἐγκέφαλος
1024 1469 1078 1537 διό
1102 1470 1164 1538 τοῦ
1187 1491 1190 1497 ·

92 1601 238 1694 νωτιαίου
269 1590 329 1676 τὴν
359 1593 526 1670 αἴσθησιν
554 1587 706 1668 πανταχῆ
730 1582 852 1648 δίδωσι
882 1583 937 1672 καὶ
962 1582 993 1644 οἱ
1017 1577 1054 1644 τό
1077 1570 1165 1666 ὕδωρ

90 1707 186 1778 πύλαι
204 1731 245 1800 τργ
228 1697 490 1782 Μεγαλοπόλει
507 1688 757 1817 λιρελκυσάιιενοι
774 1683 832 1768 τὴν
851 1659 996 1772 αεγοίλην
1013 1688 1166 1754 ἐνταῦθα
1219 1759 1222 1764 ,

95 1813 226 1950 ἀμάραν
259 1805 475 1895 ἐποιήσαντο,
506 1801 564 1870 τόν
588 1794 794 1882 ὑποχθόνιον
820 1798 876 1862 καλ
901 1791 1026 1876 ἀέριον,
1055 1787 1096 1871 όίς
1119 1819 1168 1871 τις

95 1925 206 2012 ε’ίρηκε,
236 1914 405 2004 ποταμόν.
453 1915 521 1979 Καὶ
550 1907 589 1976 ού
615 1903 793 1990 τοιγαροῦν
817 1900 859 1970 δι’
888 1903 1065 1968 ἐπιστολῶν
1090 1895 1169 1986 ημῖν

82 2034 217 2124 ,χορηγει
238 2030 281 2098 τό
302 2034 394 2110 νᾶμα
417 2047 475 2090 του
461 2016 602 2105 λόγον,
621 2019 674 2082 καί
696 2009 803 2094 πότιζε
823 2014 877 2076 καί
899 2006 1086 2094 κατάρδευε.
1109 2003 1169 2086 Ὡς

92 2146 160 2212 λίαν
180 2135 249 2226 γάρ
271 2160 330 2206 σου
357 2133 415 2219 τῆς
442 2123 585 2214 γλώττης
611 2126 731 2210 ἐρῶμεν
757 2113 811 2188 καί
834 2120 897 2203 τῆς
913 2121 946 2184 ἐν
968 2113 1052 2210 αὐτῇ
1068 2112 1167 2203 γύρε-

93 2281 157 2334 τσς,
183 2257 238 2322 καί
263 2273 328 2336 μου
350 2243 367 2312 6
390 2250 454 2311 τῶν
475 2237 571 2323 η’θῶν
591 2257 652 2297 σου
673 2226 772 2304 τόπος
793 2223 981 2310 ἐγκάθηται
1002 2227 1040 2316 τῇ
1061 2224 1166 2352 6166·

87 2358 350 2454 λυεσηράγισται
375 2358 410 2424 δέ
429 2375 493 2440 μου
513 2350 581 2424 τοῖς
601 2339 658 2410 ὠσί
680 2336 722 2406 τά
744 2339 816 2422 ίχνη
840 2339 897 2414 τῆς
919 2335 1042 2418 λέξεως,
1073 2357 1126 2397 και
1146 2359 1167 2414 η

99 2474 153 2558 τῆς
174 2467 337 2596 ἁρμονίας
356 2459 423 2552 ίγγώ
446 2460 579 2542 ἔτεμον
600 2451 638 2545 66
659 2445 748 2571 6666
770 2444 935 2529 ἐμβομβεῐ.
973 2436 1070 2506 Αλλα
1086 2457 1170 2506 ποτε
1244 2517 1250 2527 γ

100 2583 153 2648 ἴδω
179 2579 238 2664 τίγν
263 2576 444 2661 μέλισσαν;
474 2561 552 2634 πότε
579 2564 612 2627 δὲ
642 2558 703 2624 τῶν
726 2552 851 2621 αὐτόθι
873 2546 1059 2634 σίμβλων·’
1041 2571 1173 2616 απανα

101 2685 214 2812 06666,
242 2686 300 2752 καὶ
326 2684 467 2764 διαέριος
495 2665 633 2759 γεγονός
658 2662 741 2753 πρός
771 2661 848 2782 τούς
873 2657 1024 2725 ἐνταῦθα
1048 2654 1172 2736 κήπους

102 2791 283 2888 φοιτηοεις,
317 2793 370 2858 καὶ
392 2780 574 2875 περιελεύσῃ
600 2775 644 2846 τά
665 2771 778 2856 ἀνθη,
810 2763 875 2862 ἀφ
900 2757 944 2832 ὧν
970 2763 1028 2850 τὴν
1054 2761 1174 2853 δρόσον
1240 2817 1251 2844 ,

45 2983 48 2996 Ι
103 2901 338 2988 ἀναλεξάμενος
356 2923 394 2964 το
384 2895 483 2981 μέλι
503 2895 569 2968 τοίς
589 2887 738 2972 σίμβλοις
759 2878 891 2950 λυέσταξ
876 2903 950 2958 αςς
987 2873 1032 2942 Τό
1052 2877 1085 2940 δὲ
1107 2879 1176 2942 λοι-

104 3010 164 3080 πόν
187 3012 245 3097 τῆς
269 3006 351 3094 πρὸς
375 3003 463 3090 ἡμᾶς
486 3023 545 3066 σου
569 2989 776 3071 λπιστολῐγς’
761 2981 822 3072 εγά
845 2991 906 3070 μὲν
931 2977 1001 3050 οὐτ’
1026 2985 1176 3066 ε’παγκα-

104 3121 230 3205 λέσαιμί
248 3140 318 3197 σοι,
346 3109 418 3180 ούτε
440 3103 729 3190 προσονειδίσαιμι.
771 3093 828 3160 Σύ
850 3096 884 3157 δὲ
906 3091 970 3155 τῶν
993 3083 1175 3172 ὁμολογιῶν

106 3233 265 3310 μέμνησο,
292 3226 347 3290 καὶ
369 3214 451 3306 πρός
473 3229 509 3298 γε
532 3207 673 3288 τούτοις,
700 3196 753 3270 ότι
773 3198 847 3268 κατ’
873 3193 975 3266 αὐτοῦ
997 3197 1054 3262 τοῦ
1073 3197 1178 3282 κρείτ-

106 3359 198 3412 τονος
219 3329 376 3457 ἐμιρύτως
405 3320 596 3408 ὀμώμοκας·
634 3309 675 3382 ἀν
706 3313 738 3377 εἴ
759 3335 808 3388 τις
836 3308 884 3387 εἴη
911 3305 971 3372 τοῦ
1001 3295 1097 3389 ὅρκου
1123 3304 1178 3370 λύ·

108 3463 169 3521 σις,
190 3437 250 3507 οὐκ
272 3435 324 3518 ἀν
337 3429 505 3526 φθάνοιμι
530 3424 652 3505 ταύτην
675 3417 795 3506 διδούς.
828 3410 919 3482 E66'
940 3403 998 3480 ούν
1016 3410 1181 3497 μίγγενοί

107 3573 169 3634 μην
190 3542 290 3622 αύτός
312 3568 364 3612 σοι
386 3532 581 3626 παρενθήκη
603 3525 798 3608 κακότητος,
833 3520 873 3588 σύ
899 3523 933 3586 66
962 3518 1069 3596 διδούς
1096 3512 1244 3604 λαμ-

109 3652 221 3740 βαίνειν
249 3654 332 3720 οἴου.
387 3648 545 3716 Τοιοῦτον
575 3639 640 3726 γάρ
669 3636 830 3715 πεποίηκα
858 3626 896 3698 τό
921 3623 1056 3718 ἐμόν,
1050 3621 1105 3693 ι’να
1126 3625 1183 3692 καλ

111 3759 260 3842 διδούς
238 3791 258 3851 6
279 3755 459 3849 λαμβάνων
481 3751 571 3824 διδοῖ.
