2878 4774
255 419 306 495 dd
351 399 352 404 Ἰ
417 411 423 420 ’
515 450 547 464 ··
618 405 806 494 nicoma
830 435 949 492 onais
1165 412 1170 484 ἶ
1226 419 1336 512 [car.

255 585 448 674 Στάντειρα
468 593 508 674 (Ι.
524 587 727 682 Στάγειρα).
768 592 882 658 Mirum
902 601 1019 670 temen,
1041 589 1122 674 quod
1141 590 1174 656 in
1191 609 1338 666 contexta

255 696 437 779 Ptolemaei,
471 697 523 782 qui
551 699 656 765 eodem
680 700 747 764 loco
774 707 877 783 aperte
903 692 944 756 de
970 693 1038 757 sinu
1058 697 1232 785 Strymonio
1258 703 1337 790 agit,

253 798 478 889 Amphaxitidis
503 802 622 873 nomine
648 802 796 887 quaedam
815 799 883 863 loca
902 797 1002 874 eidem
1023 799 1104 865 sinui
1123 805 1336 879 admoventur.

252 906 448 994 Amphaxitis
468 906 565 972 sinum
583 908 784 974 Thermaeum
804 901 956 970 borealem
977 903 1143 991 spectavit,
1166 934 1225 976 non
1242 917 1336 1004 Stry-

252 1009 460 1092 monium.³⁵)
480 1010 589 1096 Magis
601 1026 648 1077 est
661 1013 781 1092 mirum,
801 1007 882 1095 quod
898 1006 1032 1092 ejusdem
1044 1011 1208 1080 Ptolemaei
1225 1019 1336 1104 verba,

251 1132 286 1184 ut
304 1139 384 1182 nunc
402 1115 567 1199 habentur,
587 1116 702 1182 ibidem
722 1116 781 1181 hoc
799 1125 939 1179 nements
978 1119 1154 1204 Παραξίας
1166 1118 1332 1208 ”Aeneiae

254 1220 357 1314 ἄκρα.
387 1224 502 1312 Aeaea
523 1219 622 1310 diupo.
665 1217 800 1309 Τορώνη
820 1230 879 1282 elo·
918 1219 1096 1289 Antecesait
1121 1230 1202 1313 apud
1228 1232 1334 1296 Ptole·

223 1389 225 1392 .
252 1353 371 1402 meeum
398 1330 483 1394 sinus
510 1328 686 1415 Singitieus.
732 1326 792 1392 Ubi
818 1321 886 1409 quis
911 1321 1064 1408 regionem
1094 1333 1244 1398 Paraxiae
1273 1359 1332 1399 nu-

252 1438 332 1502 mine
359 1433 570 1521 exspectabit?
601 1433 819 1519 Legendumne
839 1433 1048 1514 Παρακτίας,
1077 1451 1109 1500 ut
1135 1452 1225 1503 autea
1250 1441 1333 1527 apud

253 1544 380 1610 cundem
400 1543 607 1605 Ptolemaeum
636 1541 738 1603 forsan
756 1535 986 1626 Ἀμφακτίαςῒ
1020 1539 1072 1604 Nil
1092 1539 1249 1609 decenos
1276 1543 1333 1609 Fi·

252 1673 321 1716 nem
342 1642 566 1734 Amphaxitidis
584 1643 832 1732 Mygdoniaeque
853 1641 1070 1711 occidentalem
1096 1647 1198 1712 Axius
1218 1647 1331 1713 flumen

254 1752 422 1833 coustituit,
454 1748 524 1812 coll.
552 1749 708 1813 Herodoto
735 1747 757 1813 l.
773 1769 800 1811 c.
841 1747 934 1812 Adde
953 1751 1107 1836 ¹Excerpta
1127 1765 1152 1814 ‘e
1172 1748 1331 1814 Strabonis

251 1859 415 1926 libronl.
438 1855 465 1935 b.
480 1853 511 1917 9.
552 1852 795 1938 Amphaxiorum
811 1848 1032 1946 (Ἀμφαξίων)
1055 1879 1175 1922 numum
1195 1879 1228 1923 v.
1247 1857 1330 1944 apud

251 1962 433 2036 Eekhelium
453 1962 493 2023 1).
514 1960 559 2023 V·
580 1959 620 2020 N·
650 1956 724 2021 Vol·
740 1960 782 2022 ll·
812 1981 843 2045 p·
857 1961 930 2027 hh:
965 1962 1127 2043 incertum,
1155 1976 1235 2048 qaas
1254 1962 1327 2028 urbs
1434 2005 1435 2040 3

248 2045 450 2156 'significaturi
478 2065 526 2126 De
542 2059 726 2147 Amphaxiis
748 2060 789 2141 (si
808 2062 897 2128 lectio
916 2067 1080 2133 Ptolemaei
1100 2075 1189 2149 sana)
1206 2089 1238 2134 v.
1253 2091 1329 2154 quo·

252 2200 311 2265 que
332 2168 481 2239 Leekiunt
502 2165 533 2230 in
555 2164 685 2252 Travple
705 2163 743 2228 iu·
758 2166 859 2232 nuno.
881 2171 1008 2238 Graece.
1037 2172 1159 2239 Vota.
1180 2191 1211 2260 p.
1225 2171 1301 2241 449.

329 2272 529 2344 Macedoniae
557 2272 712 2335 annonae
743 2267 776 2334 in
804 2283 937 2356 'quatuor
967 2276 1108 2362 regiones
1143 2276 1326 2354 divisionem

249 2381 332 2452 nurui
351 2401 470 2468 queque
489 2376 638 2458 referunt,
668 2387 798 2461 excepta
817 2374 941 2460 regione
961 2381 1066 2461 tertie,
1099 2382 1185 2464 cujus
1205 2365 1328 2448 numum

244 2489 382 2556 'noudum
407 2494 558 2568 repertum
578 2501 646 2543 esse
665 2478 779 2544 monuit
794 2480 961 2550 Eckhelius
990 2487 1011 2550 Ι.
1028 2507 1056 2553 c.
1077 2509 1110 2573 p.
1123 2487 1177 2552 64.
1219 2483 1329 2553 tufini·

245 2583 309 2659 'tam
330 2592 515 2670 sereeorom
536 2605 691 2648 nomorurn
713 2584 830 2668 copiam
850 2607 918 2652 esse
938 2603 1071 2672 constat,
1102 2591 1245 2676 quisunt
1265 2592 1329 2680 pri·

249 2717 316 2764 mae
343 2691 476 2778 regionis
504 2686 725 2767 (Μακεδόνων
743 2687 908 2777 πρώτης),
940 2692 1020 2758 iuter
1039 2697 1166 2760 Nestum
1186 2699 1328 2786 Strymo-

249 2823 377 2884 nemque
397 2796 490 2877 sitae,
520 2795 573 2861 ubi
593 2817 637 2860 sc.
657 2794 753 2858 multa
771 2797 911 2877 metalla,
943 2799 1015 2864 coll.
1036 2799 1137 2864 llclth.
1162 2800 1186 2863 1.
1204 2821 1232 2865 c.
1270 2804 1328 2866 Se·

250 2903 366 2969 cundae
385 2898 534 2986 regionis,
557 2899 642 2984 cujus
663 2913 752 2986 caput
769 2899 1003 2984 Thessalonica,
1025 2927 1129 2968 numos
1150 2903 1244 2986 duos,
1268 2929 1328 2970 non

249 3009 370 3097 plures,
401 3027 434 3068 se
463 3026 552 3069 nosse
582 3004 625 3069 ait
653 3003 822 3069 Eclrhelius
851 3005 873 3070 l.
891 3029 917 3070 c.
945 3029 976 3092 p.
995 3007 1047 3070 63.
1098 3008 1184 3072 Unde
1212 3031 1326 3096 paucos

249 3111 370 3180 omnino
396 3110 486 3193 hujus
512 3109 631 3194 generis
657 3111 770 3189 factos,
801 3108 871 3192 jure
890 3110 1064 3175 contendes.
1103 3113 1204 3176 Multo
1224 3113 1328 3198 plures

113 3223 115 3227 ’
248 3213 466 3284 Thessalonica
482 3235 537 3278 suo
553 3213 672 3277 nornine
687 3211 796 3276 fecisse
813 3212 947 3295 videtur,
968 3213 1065 3300 ipsius
1080 3226 1153 3302 typo
1170 3215 1326 3300 insignes;

247 3335 279 3388 et
307 3319 436 3385 bisunt
464 3317 543 3383 inter
570 3341 676 3383 numos
706 3315 824 3380 urbium
850 3317 1113 3384 Macedonicarum
1139 3319 1326 3406 frequentis·

246 3425 327 3492 simi.
373 3425 462 3506 Quod
497 3446 584 3488 neruo
611 3420 777 3489 mirabitur.
821 3420 1039 3487 Thessalonica
1067 3423 1147 3488 enirn
1173 3425 1325 3492 Macedo·

247 3530 316 3596 nise
333 3532 488 3594 Romanae
504 3525 678 3612 metropolis
695 3545 803 3590 revera
818 3523 892 3605 fuit3
915 3547 1008 3609 quare
1025 3550 1109 3592 suurn
1131 3529 1278 3596 honorem
1294 3530 1326 3594 in

245 3633 345 3703 numia
357 3631 505 3699 faciendis
518 3631 615 3717 magis
630 3628 757 3712 curavit,
779 3647 868 3714 quam
880 3628 1025 3713 regionis,
1046 3633 1132 3717 cujus
1145 3648 1213 3698 eret
1226 3647 1326 3722 caput.

281 3915 326 3978 st)
351 3909 458 3982 Scylax
485 3923 547 3976 cap.
565 3905 610 3962 66.
637 3905 679 3978 (p.
695 3905 756 3958 202.
806 3901 1324 3974 Scymuuschitrsv.633.eamprcpe

246 3994 293 4049 ed.
323 3995 438 4060 Kleros.)
475 3991 649 4048 Arethusam
673 3988 755 4062 Stry·
807 3989 965 4060 Olynthum
980 3987 1071 4058 ponit.
1092 3985 1237 4042 Habuitne
1252 3991 1323 4042 duras

244 4076 343 4134 monio
359 4076 436 4133 sinui
455 4063 609 4132 adsociare
627 4075 741 4130 videtur
747 4093 757 4142 ς
806 4075 941 4146 pluresve
957 4071 1116 4128 Arethusae
1127 4071 1323 4130 Macedonia?
