<?xml version="1.0" encoding="UTF-8"?>
<!DOCTYPE html PUBLIC "-//W3C//DTD XHTML 1.0 Transitional//EN"
    "http://www.w3.org/TR/xhtml1/DTD/xhtml1-transitional.dtd">
<html xmlns="http://www.w3.org/1999/xhtml" xml:lang="en" lang="en">
 <head>
  <title>
</title>
<meta http-equiv="Content-Type" content="text/html;charset=utf-8" />
  <meta name='ocr-system' content='tesseract 3.04.00' />
  <meta name='ocr-capabilities' content='ocr_page ocr_carea ocr_par ocr_line ocrx_word'/>
</head>
<body>
  <div class='ocr_page' id='page_1' title='image "./dethessalonicae00tafegoog_0065.png"; bbox 0 0 2824 4770; ppageno 0'>
   <div class='ocr_carea' id='block_1_1' title="bbox 438 389 1156 446">
    <p class='ocr_par' dir='ltr' id='par_1_1' title="bbox 438 389 1156 446">
     <span class='ocr_line' id='line_1_1' title="bbox 438 389 1156 446; baseline 0.006 -5"><span class='ocrx_word' id='word_1_1' title='bbox 438 391 745 445; x_wconf 61' lang='lat' dir='ltr'><strong>PROLEGOMEM·</strong></span> <span class='ocrx_word' id='word_1_2' title='bbox 1002 389 1156 446; x_wconf 63' lang='lat' dir='ltr'><strong>xxxvl(</strong></span> 
     </span>
    </p>
   </div>
   <div class='ocr_carea' id='block_1_2' title="bbox 16 539 1203 4124">
    <p class='ocr_par' dir='ltr' id='par_1_2' title="bbox 82 539 1156 1466">
     <span class='ocr_line' id='line_1_2' title="bbox 87 539 1153 634; baseline 0.005 -30"><span class='ocrx_word' id='word_1_3' title='bbox 87 543 226 634; x_wconf 82' lang='lat' dir='ltr'><strong>(tempora</strong></span> <span class='ocrx_word' id='word_1_4' title='bbox 243 539 383 606; x_wconf 62' lang='lat' dir='ltr'><strong>‹Mauritii</strong></span> <span class='ocrx_word' id='word_1_5' title='bbox 396 541 470 616; x_wconf 76' lang='lat' dir='ltr'><strong>¹dico</strong></span> <span class='ocrx_word' id='word_1_6' title='bbox 494 555 524 606; x_wconf 90' lang='lat' dir='ltr'><strong>st</strong></span> <span class='ocrx_word' id='word_1_7' title='bbox 546 541 731 626; x_wconf 77' lang='lat' dir='ltr'><strong>sequentium</strong></span> <span class='ocrx_word' id='word_1_8' title='bbox 752 539 1001 625; x_wconf 75' lang='lat' dir='ltr'><strong>imporatorum),</strong></span> <span class='ocrx_word' id='word_1_9' title='bbox 1031 556 1153 628; x_wconf 85' lang='lat' dir='ltr'><strong>praeter</strong></span> 
     </span>
     <span class='ocr_line' id='line_1_3' title="bbox 86 645 1150 730; baseline 0.005 -22"><span class='ocrx_word' id='word_1_10' title='bbox 86 645 186 730; x_wconf 80' lang='lat' dir='ltr'><strong>cpolin</strong></span> <span class='ocrx_word' id='word_1_11' title='bbox 202 645 577 712; x_wconf 80' lang='lat' dir='ltr'><strong>Thessalonicahostibus</strong></span> <span class='ocrx_word' id='word_1_12' title='bbox 598 668 657 710; x_wconf 93' lang='lat' dir='ltr'><strong>non</strong></span> <span class='ocrx_word' id='word_1_13' title='bbox 678 645 779 710; x_wconf 83' lang='lat' dir='ltr'><strong>dedita</strong></span> <span class='ocrx_word' id='word_1_14' title='bbox 795 645 867 725; x_wconf 77' lang='lat' dir='ltr'><strong>luit3</strong></span> <span class='ocrx_word' id='word_1_15' title='bbox 889 668 949 729; x_wconf 85' lang='lat' dir='ltr'><strong>quo</strong></span> <span class='ocrx_word' id='word_1_16' title='bbox 964 650 1077 712; x_wconf 83' lang='lat' dir='ltr'><strong>facturn</strong></span> <span class='ocrx_word' id='word_1_17' title='bbox 1092 661 1150 728; x_wconf 84' lang='lat' dir='ltr'><strong>est,</strong></span> 
     </span>
     <span class='ocr_line' id='line_1_4' title="bbox 86 749 1152 840; baseline 0 -26"><span class='ocrx_word' id='word_1_18' title='bbox 86 762 116 814; x_wconf 92' lang='grc' dir='ltr'><strong>ιι</strong></span> <span class='ocrx_word' id='word_1_19' title='bbox 139 749 345 817; x_wconf 31' lang='lat' dir='ltr'><strong>modios-,iuter</strong></span> <span class='ocrx_word' id='word_1_20' title='bbox 370 753 473 818; x_wconf 86' lang='lat' dir='ltr'><strong>urbem</strong></span> <span class='ocrx_word' id='word_1_21' title='bbox 498 751 613 838; x_wconf 83' lang='lat' dir='ltr'><strong>regiam</strong></span> <span class='ocrx_word' id='word_1_22' title='bbox 639 775 675 819; x_wconf 88' lang='lat' dir='ltr'><strong>ac</strong></span> <span class='ocrx_word' id='word_1_23' title='bbox 699 752 938 838; x_wconf 79' lang='lat' dir='ltr'><strong>Peloponnesum</strong></span> <span class='ocrx_word' id='word_1_24' title='bbox 962 752 1059 840; x_wconf 87' lang='lat' dir='ltr'><strong>spatio</strong></span> <span class='ocrx_word' id='word_1_25' title='bbox 1079 775 1152 840; x_wconf 63' lang='lat' dir='ltr'><strong>pros</strong></span> 
     </span>
     <span class='ocr_line' id='line_1_5' title="bbox 84 855 1156 945; baseline 0.004 -27"><span class='ocrx_word' id='word_1_26' title='bbox 84 855 278 945; x_wconf 79' lang='lat' dir='ltr'><strong>pugnaculum</strong></span> <span class='ocrx_word' id='word_1_27' title='bbox 297 872 447 940; x_wconf 88' lang='lat' dir='ltr'><strong>maneret,</strong></span> <span class='ocrx_word' id='word_1_28' title='bbox 474 859 556 923; x_wconf 84' lang='lat' dir='ltr'><strong>unde</strong></span> <span class='ocrx_word' id='word_1_29' title='bbox 576 859 687 924; x_wconf 77' lang='lat' dir='ltr'><strong>Graeci</strong></span> <span class='ocrx_word' id='word_1_30' title='bbox 712 856 840 940; x_wconf 81' lang='lat' dir='ltr'><strong>exiguas</strong></span> <span class='ocrx_word' id='word_1_31' title='bbox 864 855 982 943; x_wconf 74' lang='lat' dir='ltr'><strong>inperii</strong></span> <span class='ocrx_word' id='word_1_32' title='bbox 1001 855 1156 944; x_wconf 77' lang='lat' dir='ltr'><strong>Europaei</strong></span> 
     </span>
     <span class='ocr_line' id='line_1_6' title="bbox 83 959 1153 1050; baseline 0.004 -28"><span class='ocrx_word' id='word_1_33' title='bbox 83 959 222 1044; x_wconf 77' lang='lat' dir='ltr'>reliquias</span> <span class='ocrx_word' id='word_1_34' title='bbox 241 961 292 1026; x_wconf 85' lang='lat' dir='ltr'><strong>vel</strong></span> <span class='ocrx_word' id='word_1_35' title='bbox 313 975 497 1045; x_wconf 87' lang='lat' dir='ltr'><strong>tutarentur,</strong></span> <span class='ocrx_word' id='word_1_36' title='bbox 526 963 578 1028; x_wconf 84' lang='lat' dir='ltr'><strong>sel</strong></span> <span class='ocrx_word' id='word_1_37' title='bbox 596 975 752 1047; x_wconf 84' lang='lat' dir='ltr'><strong>augerent.</strong></span> <span class='ocrx_word' id='word_1_38' title='bbox 794 965 843 1024; x_wconf 89' lang='lat' dir='ltr'><strong>De</strong></span> <span class='ocrx_word' id='word_1_39' title='bbox 862 963 1022 1029; x_wconf 81' lang='lat' dir='ltr'><strong>Smazenis</strong></span> <span class='ocrx_word' id='word_1_40' title='bbox 1042 962 1153 1050; x_wconf 83' lang='lat' dir='ltr'><strong>Syriae</strong></span> 
     </span>
     <span class='ocr_line' id='line_1_7' title="bbox 84 1060 1153 1151; baseline -0.002 -19"><span class='ocrx_word' id='word_1_41' title='bbox 84 1060 295 1149; x_wconf 61' lang='lat' dir='ltr'><strong>Tripolitana,</strong></span> <span class='ocrx_word' id='word_1_42' title='bbox 322 1065 376 1151; x_wconf 76' lang='lat' dir='ltr'><strong>qui</strong></span> <span class='ocrx_word' id='word_1_43' title='bbox 394 1088 475 1132; x_wconf 87' lang='lat' dir='ltr'><strong>anno</strong></span> <span class='ocrx_word' id='word_1_44' title='bbox 494 1066 557 1135; x_wconf 78' lang='lat'><strong>904</strong></span> <span class='ocrx_word' id='word_1_45' title='bbox 576 1064 822 1132; x_wconf 75' lang='lat' dir='ltr'><strong>Thessalonicam</strong></span> <span class='ocrx_word' id='word_1_46' title='bbox 843 1085 967 1149; x_wconf 87' lang='lat' dir='ltr'><strong>cepere,</strong></span> <span class='ocrx_word' id='word_1_47' title='bbox 994 1066 1153 1132; x_wconf 87' lang='lat' dir='ltr'><strong>tacendum</strong></span> 
     </span>
     <span class='ocr_line' id='line_1_8' title="bbox 84 1167 1155 1259; baseline 0.003 -28"><span class='ocrx_word' id='word_1_48' title='bbox 84 1167 137 1231; x_wconf 88' lang='lat' dir='ltr'><strong>hoc</strong></span> <span class='ocrx_word' id='word_1_49' title='bbox 153 1167 245 1250; x_wconf 90' lang='lat' dir='ltr'><strong>loco;</strong></span> <span class='ocrx_word' id='word_1_50' title='bbox 265 1191 367 1234; x_wconf 87' lang='lat' dir='ltr'><strong>eorum</strong></span> <span class='ocrx_word' id='word_1_51' title='bbox 388 1170 466 1237; x_wconf 87' lang='lat' dir='ltr'><strong>euim</strong></span> <span class='ocrx_word' id='word_1_52' title='bbox 487 1172 671 1259; x_wconf 72' lang='lat' dir='ltr'><strong>expugnatio</strong></span> <span class='ocrx_word' id='word_1_53' title='bbox 691 1169 799 1255; x_wconf 86' lang='lat' dir='ltr'><strong>rapina</strong></span> <span class='ocrx_word' id='word_1_54' title='bbox 817 1167 963 1251; x_wconf 86' lang='lat' dir='ltr'><strong>dicenda,</strong></span> <span class='ocrx_word' id='word_1_55' title='bbox 983 1193 1043 1236; x_wconf 91' lang='lat' dir='ltr'><strong>non</strong></span> <span class='ocrx_word' id='word_1_56' title='bbox 1064 1191 1155 1236; x_wconf 87' lang='lat' dir='ltr'><strong>oocu-</strong></span> 
     </span>
     <span class='ocr_line' id='line_1_9' title="bbox 82 1271 1156 1360; baseline 0.002 -24"><span class='ocrx_word' id='word_1_57' title='bbox 82 1271 158 1356; x_wconf 89' lang='lat' dir='ltr'><strong>patio</strong></span> <span class='ocrx_word' id='word_1_58' title='bbox 178 1285 270 1358; x_wconf 87' lang='lat' dir='ltr'><strong>atquo</strong></span> <span class='ocrx_word' id='word_1_59' title='bbox 289 1275 453 1360; x_wconf 84' lang='lat' dir='ltr'><strong>possessio.</strong></span> <span class='ocrx_word' id='word_1_60' title='bbox 494 1277 595 1348; x_wconf 86' lang='lat' dir='ltr'><strong>Aliter</strong></span> <span class='ocrx_word' id='word_1_61' title='bbox 614 1297 704 1360; x_wconf 81' lang='lat' dir='ltr'><strong>ogere</strong></span> <span class='ocrx_word' id='word_1_62' title='bbox 722 1274 826 1340; x_wconf 87' lang='lat' dir='ltr'><strong>hostes</strong></span> <span class='ocrx_word' id='word_1_63' title='bbox 843 1271 1056 1356; x_wconf 86' lang='lat' dir='ltr'><strong>occidentales,</strong></span> <span class='ocrx_word' id='word_1_64' title='bbox 1077 1273 1156 1338; x_wconf 84' lang='lat' dir='ltr'><strong>utri·</strong></span> 
     </span>
     <span class='ocr_line' id='line_1_10' title="bbox 82 1378 1156 1468; baseline 0.003 -29"><span class='ocrx_word' id='word_1_65' title='bbox 82 1398 171 1460; x_wconf 82' lang='lat' dir='ltr'><strong>usque</strong></span> <span class='ocrx_word' id='word_1_66' title='bbox 195 1378 319 1444; x_wconf 84' lang='lat' dir='ltr'><strong>Siciliae</strong></span> <span class='ocrx_word' id='word_1_67' title='bbox 339 1379 525 1468; x_wconf 85' lang='lat' dir='ltr'><strong>llormanui,</strong></span> <span class='ocrx_word' id='word_1_68' title='bbox 555 1380 606 1466; x_wconf 92' lang='lat' dir='ltr'><strong>qui</strong></span> <span class='ocrx_word' id='word_1_69' title='bbox 626 1403 681 1466; x_wconf 88' lang='lat' dir='ltr'><strong>per</strong></span> <span class='ocrx_word' id='word_1_70' title='bbox 701 1401 792 1446; x_wconf 85' lang='lat' dir='ltr'><strong>omns·</strong></span> <span class='ocrx_word' id='word_1_71' title='bbox 805 1383 1025 1450; x_wconf 77' lang='lat' dir='ltr'><strong>comnenorum</strong></span> <span class='ocrx_word' id='word_1_72' title='bbox 1046 1378 1156 1464; x_wconf 75' lang='lat' dir='ltr'><strong>cpoli-</strong></span> 
     </span>
    </p>

    <p class='ocr_par' dir='ltr' id='par_1_3' title="bbox 16 1483 1203 2928">
     <span class='ocr_line' id='line_1_11' title="bbox 16 1483 1156 1568; baseline 0.003 -23"><span class='ocrx_word' id='word_1_73' title='bbox 16 1561 17 1566; x_wconf 11' lang='lat'><strong>,</strong></span> <span class='ocrx_word' id='word_1_74' title='bbox 83 1497 216 1551; x_wconf 84' lang='lat' dir='ltr'><strong>tonorum</strong></span> <span class='ocrx_word' id='word_1_75' title='bbox 235 1506 344 1552; x_wconf 80' lang='lat' dir='ltr'><strong>aevum</strong></span> <span class='ocrx_word' id='word_1_76' title='bbox 366 1489 414 1568; x_wconf 91' lang='grc' dir='ltr'>(ιι.</span> <span class='ocrx_word' id='word_1_77' title='bbox 433 1485 668 1565; x_wconf 79' lang='lat'>1⁰81-1185)</span> <span class='ocrx_word' id='word_1_78' title='bbox 691 1483 939 1550; x_wconf 72' lang='lat' dir='ltr'><strong>Thessalonicam</strong></span> <span class='ocrx_word' id='word_1_79' title='bbox 959 1483 1077 1568; x_wconf 82' lang='lat' dir='ltr'><strong>maguis</strong></span> <span class='ocrx_word' id='word_1_80' title='bbox 1098 1505 1156 1548; x_wconf 84' lang='lat' dir='ltr'><strong>ex·</strong></span> 
     </span>
     <span class='ocr_line' id='line_1_12' title="bbox 82 1587 1158 1711; baseline 0.004 -61"><span class='ocrx_word' id='word_1_81' title='bbox 82 1587 222 1660; x_wconf 86' lang='lat' dir='ltr'><strong>ercitibos</strong></span> <span class='ocrx_word' id='word_1_82' title='bbox 247 1603 390 1711; x_wconf 85' lang='lat' dir='ltr'><strong>appetere</strong></span> <span class='ocrx_word' id='word_1_83' title='bbox 416 1611 477 1656; x_wconf 85' lang='lat' dir='ltr'><strong>nou</strong></span> <span class='ocrx_word' id='word_1_84' title='bbox 502 1589 671 1670; x_wconf 84' lang='lat' dir='ltr'><strong>desierunt,</strong></span> <span class='ocrx_word' id='word_1_85' title='bbox 701 1587 827 1654; x_wconf 89' lang='lat' dir='ltr'><strong>licet</strong></span> <span class='ocrx_word' id='word_1_86' title='bbox 792 1611 830 1654; x_wconf 86' lang='lat' dir='ltr'><strong>ea</strong></span> <span class='ocrx_word' id='word_1_87' title='bbox 850 1612 910 1654; x_wconf 89' lang='lat' dir='ltr'><strong>uon</strong></span> <span class='ocrx_word' id='word_1_88' title='bbox 930 1602 999 1654; x_wconf 89' lang='lat' dir='ltr'><strong>anto</strong></span> <span class='ocrx_word' id='word_1_89' title='bbox 1019 1588 1158 1654; x_wconf 81' lang='lat' dir='ltr'><strong>ultimum</strong></span> 
     </span>
     <span class='ocr_line' id='line_1_13' title="bbox 79 1667 1155 1783; baseline 0 -26"><span class='ocrx_word' id='word_1_90' title='bbox 79 1667 198 1760; x_wconf 78' lang='lat' dir='ltr'><strong>illoium</strong></span> <span class='ocrx_word' id='word_1_91' title='bbox 224 1692 410 1781; x_wconf 87' lang='lat' dir='ltr'><strong>principum,</strong></span> <span class='ocrx_word' id='word_1_92' title='bbox 440 1694 646 1762; x_wconf 78' lang='lat' dir='ltr'><strong>Andronicum</strong></span> <span class='ocrx_word' id='word_1_93' title='bbox 672 1707 853 1783; x_wconf 83' lang='lat' dir='ltr'><strong>tyrannum,</strong></span> <span class='ocrx_word' id='word_1_94' title='bbox 888 1717 918 1759; x_wconf 87' lang='grc' dir='ltr'><strong>ιι.</strong></span> <span class='ocrx_word' id='word_1_95' title='bbox 940 1692 1022 1760; x_wconf 81' lang='grc'>1185</span> <span class='ocrx_word' id='word_1_96' title='bbox 1049 1691 1155 1778; x_wconf 87' lang='lat' dir='ltr'><strong>potiti,</strong></span> 
     </span>
     <span class='ocr_line' id='line_1_14' title="bbox 82 1793 1158 1884; baseline 0.003 -21"><span class='ocrx_word' id='word_1_97' title='bbox 82 1819 139 1881; x_wconf 89' lang='lat' dir='ltr'><strong>quo</strong></span> <span class='ocrx_word' id='word_1_98' title='bbox 160 1798 279 1864; x_wconf 77' lang='lat' dir='ltr'><strong>oleosum</strong></span> <span class='ocrx_word' id='word_1_99' title='bbox 300 1821 442 1867; x_wconf 85' lang='lat' dir='ltr'><strong>successu</strong></span> <span class='ocrx_word' id='word_1_100' title='bbox 461 1798 550 1882; x_wconf 83' lang='lat' dir='ltr'><strong>freti,</strong></span> <span class='ocrx_word' id='word_1_101' title='bbox 580 1797 764 1866; x_wconf 82' lang='lat' dir='ltr'><strong>adversus</strong></span> <span class='ocrx_word' id='word_1_102' title='bbox 752 1819 849 1884; x_wconf 84' lang='lat' dir='ltr'><strong>spsarn</strong></span> <span class='ocrx_word' id='word_1_103' title='bbox 877 1793 1158 1883; x_wconf 75' lang='lat' dir='ltr'><strong>constantinopolin</strong></span> 
     </span>
     <span class='ocr_line' id='line_1_15' title="bbox 70 1899 1158 1988; baseline -0.003 -22.964"><span class='ocrx_word' id='word_1_104' title='bbox 70 1902 226 1986; x_wconf 83' lang='lat' dir='ltr'><strong>proiecti,</strong></span> <span class='ocrx_word' id='word_1_105' title='bbox 258 1906 357 1972; x_wconf 87' lang='lat' dir='ltr'><strong>medio</strong></span> <span class='ocrx_word' id='word_1_106' title='bbox 377 1906 471 1972; x_wconf 86' lang='lat' dir='ltr'><strong>lere</strong></span> <span class='ocrx_word' id='word_1_107' title='bbox 459 1921 537 1974; x_wconf 82' lang='lat' dir='ltr'><strong>soter</strong></span> <span class='ocrx_word' id='word_1_108' title='bbox 556 1917 712 1987; x_wconf 86' lang='lat' dir='ltr'><strong>utramque</strong></span> <span class='ocrx_word' id='word_1_109' title='bbox 732 1902 836 1968; x_wconf 87' lang='lat' dir='ltr'><strong>urbem</strong></span> <span class='ocrx_word' id='word_1_110' title='bbox 856 1902 975 1988; x_wconf 88' lang='lat' dir='ltr'><strong>spatio,</strong></span> <span class='ocrx_word' id='word_1_111' title='bbox 1004 1923 1071 1966; x_wconf 88' lang='lat' dir='ltr'><strong>cum</strong></span> <span class='ocrx_word' id='word_1_112' title='bbox 1093 1899 1158 1982; x_wconf 84' lang='lat' dir='ltr'><strong>jam</strong></span> 
     </span>
     <span class='ocr_line' id='line_1_16' title="bbox 80 2004 1157 2099; baseline -0.005 -29"><span class='ocrx_word' id='word_1_113' title='bbox 80 2005 185 2076; x_wconf 84' lang='lat' dir='ltr'><strong>llebro</strong></span> <span class='ocrx_word' id='word_1_114' title='bbox 205 2007 321 2076; x_wconf 86' lang='lat' dir='ltr'><strong>flumini</strong></span> <span class='ocrx_word' id='word_1_115' title='bbox 340 2011 630 2099; x_wconf 80' lang='lat' dir='ltr'><strong>appropinquarent,</strong></span> <span class='ocrx_word' id='word_1_116' title='bbox 659 2007 828 2074; x_wconf 81' lang='lat' dir='ltr'><strong>Alexandri</strong></span> <span class='ocrx_word' id='word_1_117' title='bbox 848 2011 990 2088; x_wconf 86' lang='lat' dir='ltr'><strong>Branae,</strong></span> <span class='ocrx_word' id='word_1_118' title='bbox 1022 2004 1157 2072; x_wconf 85' lang='lat' dir='ltr'><strong>Graeco·</strong></span> 
     </span>
     <span class='ocr_line' id='line_1_17' title="bbox 78 2105 1156 2202; baseline 0 -29"><span class='ocrx_word' id='word_1_119' title='bbox 78 2132 143 2173; x_wconf 89' lang='lat' dir='ltr'><strong>rum</strong></span> <span class='ocrx_word' id='word_1_120' title='bbox 160 2111 258 2194; x_wconf 86' lang='lat' dir='ltr'><strong>ducis,</strong></span> <span class='ocrx_word' id='word_1_121' title='bbox 279 2113 393 2186; x_wconf 84' lang='lat' dir='ltr'><strong>artibus</strong></span> <span class='ocrx_word' id='word_1_122' title='bbox 409 2116 550 2202; x_wconf 84' lang='lat' dir='ltr'><strong>repressi,</strong></span> <span class='ocrx_word' id='word_1_123' title='bbox 572 2113 671 2198; x_wconf 90' lang='lat' dir='ltr'><strong>adque</strong></span> <span class='ocrx_word' id='word_1_124' title='bbox 685 2116 876 2202; x_wconf 82' lang='lat' dir='ltr'><strong>Strymonem</strong></span> <span class='ocrx_word' id='word_1_125' title='bbox 895 2113 1021 2182; x_wconf 85' lang='lat' dir='ltr'><strong>lluviurn</strong></span> <span class='ocrx_word' id='word_1_126' title='bbox 1038 2105 1156 2194; x_wconf 80' lang='lat' dir='ltr'><strong>rejecti,</strong></span> 
     </span>
     <span class='ocr_line' id='line_1_18' title="bbox 74 2212 1149 2300; baseline 0.004 -22"><span class='ocrx_word' id='word_1_127' title='bbox 74 2212 262 2282; x_wconf 83' lang='lat' dir='ltr'><strong>internecina</strong></span> <span class='ocrx_word' id='word_1_128' title='bbox 282 2217 369 2298; x_wconf 76' lang='lat' dir='ltr'><strong>clade</strong></span> <span class='ocrx_word' id='word_1_129' title='bbox 389 2220 513 2284; x_wconf 79' lang='lat' dir='ltr'><strong>extincti</strong></span> <span class='ocrx_word' id='word_1_130' title='bbox 532 2231 613 2284; x_wconf 76' lang='lat' dir='ltr'><strong>sunt</strong></span> <span class='ocrx_word' id='word_1_131' title='bbox 661 2217 747 2281; x_wconf 87' lang='lat' dir='ltr'><strong>ldam</strong></span> <span class='ocrx_word' id='word_1_132' title='bbox 773 2217 813 2280; x_wconf 87' lang='lat' dir='ltr'><strong>de</strong></span> <span class='ocrx_word' id='word_1_133' title='bbox 838 2219 949 2290; x_wconf 89' lang='lat' dir='ltr'><strong>Turcis</strong></span> <span class='ocrx_word' id='word_1_134' title='bbox 975 2218 1149 2300; x_wconf 85' lang='lat' dir='ltr'><strong>dicendum,</strong></span> 
     </span>
     <span class='ocr_line' id='line_1_19' title="bbox 72 2320 1152 2409; baseline 0 -22"><span class='ocrx_word' id='word_1_135' title='bbox 72 2344 151 2406; x_wconf 86' lang='lat' dir='ltr'><strong>quos</strong></span> <span class='ocrx_word' id='word_1_136' title='bbox 166 2344 225 2388; x_wconf 90' lang='lat' dir='ltr'><strong>non</strong></span> <span class='ocrx_word' id='word_1_137' title='bbox 242 2335 441 2409; x_wconf 78' lang='lat' dir='ltr'><strong>anteceptam</strong></span> <span class='ocrx_word' id='word_1_138' title='bbox 457 2345 487 2388; x_wconf 86' lang='lat' dir='ltr'><strong>a.</strong></span> <span class='ocrx_word' id='word_1_139' title='bbox 501 2323 592 2388; x_wconf 77' lang='lat' dir='ltr'><strong>laco.</strong></span> <span class='ocrx_word' id='word_1_140' title='bbox 605 2321 852 2387; x_wconf 82' lang='lat' dir='ltr'><strong>Thessalonicam</strong></span> <span class='ocrx_word' id='word_1_141' title='bbox 866 2320 1010 2406; x_wconf 87' lang='lat' dir='ltr'><strong>reliquias</strong></span> <span class='ocrx_word' id='word_1_142' title='bbox 1024 2324 1152 2408; x_wconf 80' lang='lat' dir='ltr'><strong>Byzas·</strong></span> 
     </span>
     <span class='ocr_line' id='line_1_20' title="bbox 69 2424 1150 2513; baseline 0 -25"><span class='ocrx_word' id='word_1_143' title='bbox 69 2425 128 2489; x_wconf 89' lang='lat' dir='ltr'><strong>tini</strong></span> <span class='ocrx_word' id='word_1_144' title='bbox 150 2424 240 2509; x_wconf 77' lang='lat' dir='ltr'><strong>regui</strong></span> <span class='ocrx_word' id='word_1_145' title='bbox 258 2425 453 2512; x_wconf 86' lang='lat' dir='ltr'><strong>ejusdemque</strong></span> <span class='ocrx_word' id='word_1_146' title='bbox 474 2442 563 2513; x_wconf 89' lang='lat' dir='ltr'><strong>caput</strong></span> <span class='ocrx_word' id='word_1_147' title='bbox 582 2447 743 2511; x_wconf 80' lang='lat' dir='ltr'><strong>aggressos</strong></span> <span class='ocrx_word' id='word_1_148' title='bbox 764 2439 891 2494; x_wconf 87' lang='lat' dir='ltr'><strong>constat.</strong></span> <span class='ocrx_word' id='word_1_149' title='bbox 933 2430 1062 2492; x_wconf 89' lang='lat' dir='ltr'><strong>Tantum</strong></span> <span class='ocrx_word' id='word_1_150' title='bbox 1084 2447 1150 2488; x_wconf 87' lang='lat' dir='ltr'><strong>rno-</strong></span> 
     </span>
     <span class='ocr_line' id='line_1_21' title="bbox 71 2515 1150 2616; baseline -0.002 -22"><span class='ocrx_word' id='word_1_151' title='bbox 71 2530 166 2594; x_wconf 84' lang='lat' dir='ltr'><strong>uneuti</strong></span> <span class='ocrx_word' id='word_1_152' title='bbox 181 2528 344 2596; x_wconf 81' lang='lat' dir='ltr'><strong>fortissima</strong></span> <span class='ocrx_word' id='word_1_153' title='bbox 360 2531 469 2598; x_wconf 82' lang='lat' dir='ltr'><strong>cis-itas</strong></span> <span class='ocrx_word' id='word_1_154' title='bbox 483 2531 597 2596; x_wconf 88' lang='lat' dir='ltr'><strong>habers</strong></span> <span class='ocrx_word' id='word_1_155' title='bbox 611 2529 798 2611; x_wconf 83' lang='lat' dir='ltr'><strong>credebatur,</strong></span> <span class='ocrx_word' id='word_1_156' title='bbox 818 2515 862 2612; x_wconf 79' lang='lat' dir='ltr'><strong>nl,</strong></span> <span class='ocrx_word' id='word_1_157' title='bbox 883 2529 935 2616; x_wconf 85' lang='lat' dir='ltr'><strong>qui</strong></span> <span class='ocrx_word' id='word_1_158' title='bbox 949 2530 1036 2614; x_wconf 84' lang='lat' dir='ltr'><strong>regni</strong></span> <span class='ocrx_word' id='word_1_159' title='bbox 1051 2532 1150 2596; x_wconf 85' lang='lat' dir='ltr'><strong>Grae·</strong></span> 
     </span>
     <span class='ocr_line' id='line_1_22' title="bbox 73 2632 1203 2722; baseline 0.008 -26"><span class='ocrx_word' id='word_1_160' title='bbox 73 2647 187 2705; x_wconf 86' lang='grc' dir='ltr'>ιιοοιιιιιι</span> <span class='ocrx_word' id='word_1_161' title='bbox 212 2649 326 2721; x_wconf 86' lang='lat' dir='ltr'><strong>partem</strong></span> <span class='ocrx_word' id='word_1_162' title='bbox 345 2639 534 2722; x_wconf 79' lang='lat' dir='ltr'><strong>Europaoam</strong></span> <span class='ocrx_word' id='word_1_163' title='bbox 555 2648 691 2702; x_wconf 80' lang='lat' dir='ltr'><strong>evertere</strong></span> <span class='ocrx_word' id='word_1_164' title='bbox 711 2632 915 2716; x_wconf 88' lang='lat' dir='ltr'><strong>conabantur,</strong></span> <span class='ocrx_word' id='word_1_165' title='bbox 936 2635 986 2700; x_wconf 81' lang='lat' dir='ltr'><strong>vel</strong></span> <span class='ocrx_word' id='word_1_166' title='bbox 1007 2634 1060 2700; x_wconf 91' lang='lat' dir='ltr'><strong>illa</strong></span> <span class='ocrx_word' id='word_1_167' title='bbox 1081 2633 1147 2701; x_wconf 86' lang='lat' dir='ltr'><strong>sola</strong></span> <span class='ocrx_word' id='word_1_168' title='bbox 1159 2641 1203 2704; x_wconf 82' lang='lat'><strong>27</strong></span> 
     </span>
     <span class='ocr_line' id='line_1_23' title="bbox 70 2737 1148 2828; baseline 0.005 -29"><span class='ocrx_word' id='word_1_169' title='bbox 70 2750 157 2823; x_wconf 89' lang='lat' dir='ltr'><strong>capta</strong></span> <span class='ocrx_word' id='word_1_170' title='bbox 178 2737 331 2805; x_wconf 88' lang='lat' dir='ltr'><strong>dimidium</strong></span> <span class='ocrx_word' id='word_1_171' title='bbox 351 2742 451 2827; x_wconf 87' lang='lat' dir='ltr'><strong>operis</strong></span> <span class='ocrx_word' id='word_1_172' title='bbox 470 2739 623 2828; x_wconf 79' lang='lat' dir='ltr'><strong>peregisse</strong></span> <span class='ocrx_word' id='word_1_173' title='bbox 643 2752 793 2826; x_wconf 85' lang='lat' dir='ltr'><strong>putarent.</strong></span> <span class='ocrx_word' id='word_1_174' title='bbox 835 2743 953 2807; x_wconf 85' lang='lat' dir='ltr'><strong>Verum</strong></span> <span class='ocrx_word' id='word_1_175' title='bbox 972 2740 1069 2822; x_wconf 88' lang='lat' dir='ltr'><strong>istuc,</strong></span> <span class='ocrx_word' id='word_1_176' title='bbox 1090 2761 1148 2804; x_wconf 90' lang='lat' dir='ltr'><strong>un·</strong></span> 
     </span>
     <span class='ocr_line' id='line_1_24' title="bbox 72 2840 898 2928; baseline 0.005 -22"><span class='ocrx_word' id='word_1_177' title='bbox 72 2840 109 2922; x_wconf 85' lang='lat' dir='ltr'><strong>de</strong></span> <span class='ocrx_word' id='word_1_178' title='bbox 128 2840 227 2908; x_wconf 91' lang='lat' dir='ltr'><strong>oratio</strong></span> <span class='ocrx_word' id='word_1_179' title='bbox 245 2857 350 2926; x_wconf 77' lang='lat' dir='ltr'><strong>nostra</strong></span> <span class='ocrx_word' id='word_1_180' title='bbox 370 2845 513 2928; x_wconf 82' lang='lat' dir='ltr'><strong>deflexit,</strong></span> <span class='ocrx_word' id='word_1_181' title='bbox 535 2843 747 2909; x_wconf 87' lang='lat' dir='ltr'><strong>recurrendum</strong></span> <span class='ocrx_word' id='word_1_182' title='bbox 767 2843 898 2916; x_wconf 78' lang='lat' dir='ltr'><strong>videtur.</strong></span> 
     </span>
    </p>

    <p class='ocr_par' dir='ltr' id='par_1_4' title="bbox 72 2946 1196 3244">
     <span class='ocr_line' id='line_1_25' title="bbox 149 2946 1149 3034; baseline 0.001 -22"><span class='ocrx_word' id='word_1_183' title='bbox 149 2947 291 3016; x_wconf 85' lang='lat' dir='ltr'><strong>Secoluur</strong></span> <span class='ocrx_word' id='word_1_184' title='bbox 318 2948 432 3018; x_wconf 81' lang='lat' dir='ltr'><strong>Christi</strong></span> <span class='ocrx_word' id='word_1_185' title='bbox 461 2951 580 3023; x_wconf 86' lang='lat' dir='ltr'><strong>tertium</strong></span> <span class='ocrx_word' id='word_1_186' title='bbox 609 2971 717 3032; x_wconf 82' lang='lat' dir='ltr'><strong>agmen</strong></span> <span class='ocrx_word' id='word_1_187' title='bbox 742 2946 889 3018; x_wconf 88' lang='lat' dir='ltr'><strong>bellorum</strong></span> <span class='ocrx_word' id='word_1_188' title='bbox 920 2951 1030 3016; x_wconf 81' lang='lat' dir='ltr'><strong>ducere</strong></span> <span class='ocrx_word' id='word_1_189' title='bbox 1057 2969 1149 3034; x_wconf 91' lang='lat' dir='ltr'><strong>supra</strong></span> 
     </span>
     <span class='ocr_line' id='line_1_26' title="bbox 73 3048 1196 3141; baseline 0.002 -28"><span class='ocrx_word' id='word_1_190' title='bbox 73 3048 158 3130; x_wconf 87' lang='lat' dir='ltr'><strong>dixi,</strong></span> <span class='ocrx_word' id='word_1_191' title='bbox 198 3050 307 3134; x_wconf 89' lang='lat' dir='ltr'><strong>quibus</strong></span> <span class='ocrx_word' id='word_1_192' title='bbox 332 3053 579 3122; x_wconf 85' lang='lat' dir='ltr'><strong>Thessalonicam</strong></span> <span class='ocrx_word' id='word_1_193' title='bbox 606 3053 811 3126; x_wconf 81' lang='lat' dir='ltr'><strong>indesinenter</strong></span> <span class='ocrx_word' id='word_1_194' title='bbox 837 3055 994 3141; x_wconf 85' lang='lat' dir='ltr'><strong>postmodo</strong></span> <span class='ocrx_word' id='word_1_195' title='bbox 1024 3051 1148 3139; x_wconf 88' lang='lat' dir='ltr'><strong>petitam</strong></span> <span class='ocrx_word' id='word_1_196' title='bbox 1177 3075 1196 3102; x_wconf 58' lang='grc' dir='ltr'><strong>ι’</strong></span> 
     </span>
     <span class='ocr_line' id='line_1_27' title="bbox 72 3151 869 3244; baseline 0 -24"><span class='ocrx_word' id='word_1_197' title='bbox 72 3151 183 3236; x_wconf 76' lang='lat' dir='ltr'><strong>brisso,</strong></span> <span class='ocrx_word' id='word_1_198' title='bbox 205 3155 273 3220; x_wconf 89' lang='lat' dir='ltr'><strong>aliis</strong></span> <span class='ocrx_word' id='word_1_199' title='bbox 287 3156 352 3240; x_wconf 84' lang='lat' dir='ltr'><strong>jam</strong></span> <span class='ocrx_word' id='word_1_200' title='bbox 372 3181 451 3222; x_wconf 92' lang='lat' dir='ltr'><strong>nuno</strong></span> <span class='ocrx_word' id='word_1_201' title='bbox 470 3158 589 3244; x_wconf 87' lang='lat' dir='ltr'><strong>plenius</strong></span> <span class='ocrx_word' id='word_1_202' title='bbox 610 3156 792 3224; x_wconf 84' lang='lat' dir='ltr'><strong>monstrabo.</strong></span> <span class='ocrx_word' id='word_1_203' title='bbox 864 3201 869 3208; x_wconf 83' lang='lat'>-</span> 
     </span>
    </p>

    <p class='ocr_par' dir='ltr' id='par_1_5' title="bbox 71 3258 1193 4084">
     <span class='ocr_line' id='line_1_28' title="bbox 149 3258 1193 3348; baseline -0.001 -25"><span class='ocrx_word' id='word_1_204' title='bbox 149 3259 284 3326; x_wconf 87' lang='lat' dir='ltr'><strong>Primum</strong></span> <span class='ocrx_word' id='word_1_205' title='bbox 304 3284 406 3328; x_wconf 88' lang='lat' dir='ltr'><strong>eorum</strong></span> <span class='ocrx_word' id='word_1_206' title='bbox 428 3261 575 3342; x_wconf 83' lang='lat' dir='ltr'><strong>bellorum</strong></span> <span class='ocrx_word' id='word_1_207' title='bbox 594 3273 673 3328; x_wconf 83' lang='lat' dir='ltr'><strong>auno</strong></span> <span class='ocrx_word' id='word_1_208' title='bbox 690 3261 764 3329; x_wconf 82' lang='lat' dir='ltr'><strong>Chr.</strong></span> <span class='ocrx_word' id='word_1_209' title='bbox 779 3261 863 3343; x_wconf 70' lang='lat'><strong>2⁵3„</strong></span> <span class='ocrx_word' id='word_1_210' title='bbox 884 3261 936 3328; x_wconf 84' lang='lat' dir='ltr'><strong>vol</strong></span> <span class='ocrx_word' id='word_1_211' title='bbox 956 3259 1047 3348; x_wconf 87' lang='lat' dir='ltr'><strong>paulo</strong></span> <span class='ocrx_word' id='word_1_212' title='bbox 1067 3270 1148 3344; x_wconf 89' lang='lat' dir='ltr'><strong>post,</strong></span> <span class='ocrx_word' id='word_1_213' title='bbox 1188 3258 1193 3264; x_wconf 82' lang='lat'>&#39;</span> 
     </span>
     <span class='ocr_line' id='line_1_29' title="bbox 71 3363 1157 3452; baseline -0.001 -23"><span class='ocrx_word' id='word_1_214' title='bbox 71 3363 286 3452; x_wconf 86' lang='lat' dir='ltr'><strong>imperantibus</strong></span> <span class='ocrx_word' id='word_1_215' title='bbox 302 3366 469 3434; x_wconf 86' lang='lat' dir='ltr'><strong>Valeriano</strong></span> <span class='ocrx_word' id='word_1_216' title='bbox 486 3382 516 3432; x_wconf 86' lang='lat' dir='ltr'><strong>et</strong></span> <span class='ocrx_word' id='word_1_217' title='bbox 528 3367 679 3447; x_wconf 86' lang='lat' dir='ltr'><strong>Gallieno,</strong></span> <span class='ocrx_word' id='word_1_218' title='bbox 700 3365 847 3432; x_wconf 87' lang='lat' dir='ltr'><strong>accidisse</strong></span> <span class='ocrx_word' id='word_1_219' title='bbox 860 3367 979 3434; x_wconf 85' lang='lat' dir='ltr'><strong>dicitur.</strong></span> <span class='ocrx_word' id='word_1_220' title='bbox 1006 3363 1157 3434; x_wconf 76' lang='lat' dir='ltr'><strong>Zosimus,</strong></span> 
     </span>
     <span class='ocr_line' id='line_1_30' title="bbox 73 3466 1146 3558; baseline -0.002 -25"><span class='ocrx_word' id='word_1_221' title='bbox 73 3469 101 3550; x_wconf 91' lang='lat' dir='ltr'><strong>l,</strong></span> <span class='ocrx_word' id='word_1_222' title='bbox 111 3471 181 3535; x_wconf 84' lang='lat'><strong>29.:</strong></span> <span class='ocrx_word' id='word_1_223' title='bbox 194 3471 346 3538; x_wconf 75' lang='grc' dir='ltr'><em>Σκυθῶν</em></span> <span class='ocrx_word' id='word_1_224' title='bbox 354 3471 578 3558; x_wconf 82' lang='lat' dir='ltr'><strong>(significantur</strong></span> <span class='ocrx_word' id='word_1_225' title='bbox 588 3472 696 3552; x_wconf 84' lang='lat' dir='ltr'><strong>Gothi)</strong></span> <span class='ocrx_word' id='word_1_226' title='bbox 708 3475 743 3538; x_wconf 76' lang='grc' dir='ltr'><strong>δὲ</strong></span> <span class='ocrx_word' id='word_1_227' title='bbox 757 3472 790 3552; x_wconf 73' lang='grc' dir='ltr'><strong>ἐξ</strong></span> <span class='ocrx_word' id='word_1_228' title='bbox 805 3466 902 3553; x_wconf 73' lang='grc' dir='ltr'><strong>ἠθῶν</strong></span> <span class='ocrx_word' id='word_1_229' title='bbox 917 3467 1146 3552; x_wconf 76' lang='grc' dir='ltr'><em>ἀναστάντων,</em></span> 
     </span>
     <span class='ocr_line' id='line_1_31' title="bbox 74 3574 1146 3671; baseline 0 -32"><span class='ocrx_word' id='word_1_230' title='bbox 74 3581 127 3641; x_wconf 83' lang='grc' dir='ltr'><strong>καὶ</strong></span> <span class='ocrx_word' id='word_1_231' title='bbox 145 3579 402 3662; x_wconf 81' lang='grc' dir='ltr'><em>Μαρκομαννῶν</em></span> <span class='ocrx_word' id='word_1_232' title='bbox 420 3575 501 3664; x_wconf 75' lang='grc' dir='ltr'><em>πρὸς</em></span> <span class='ocrx_word' id='word_1_233' title='bbox 521 3574 649 3655; x_wconf 82' lang='grc' dir='ltr'>τούτοις</span> <span class='ocrx_word' id='word_1_234' title='bbox 670 3578 704 3659; x_wconf 78' lang='grc' dir='ltr'><strong>ἐξ</strong></span> <span class='ocrx_word' id='word_1_235' title='bbox 724 3575 847 3671; x_wconf 77' lang='grc' dir='ltr'>ἐφόδου</span> <span class='ocrx_word' id='word_1_236' title='bbox 868 3583 910 3646; x_wconf 72' lang='lat' dir='ltr'><strong>sol</strong></span> <span class='ocrx_word' id='word_1_237' title='bbox 926 3576 1087 3665; x_wconf 80' lang='grc' dir='ltr'>πρόσοικα</span> <span class='ocrx_word' id='word_1_238' title='bbox 1105 3577 1146 3667; x_wconf 81' lang='grc' dir='ltr'><strong>τῆ</strong></span> 
     </span>
     <span class='ocr_line' id='line_1_32' title="bbox 71 3677 1144 3780; baseline 0.009 -34.043"><span class='ocrx_word' id='word_1_239' title='bbox 71 3677 274 3766; x_wconf 78' lang='grc' dir='ltr'><em>Ῥωμαίων’</em></span> <span class='ocrx_word' id='word_1_240' title='bbox 255 3687 339 3780; x_wconf 74' lang='grc' dir='ltr'><strong>αρχῇ</strong></span> <span class='ocrx_word' id='word_1_241' title='bbox 351 3687 454 3778; x_wconf 83' lang='grc' dir='ltr'><em>χωρία</em></span> <span class='ocrx_word' id='word_1_242' title='bbox 466 3681 718 3769; x_wconf 80' lang='grc' dir='ltr'><em>λεηλατονντων,</em></span> <span class='ocrx_word' id='word_1_243' title='bbox 739 3694 783 3766; x_wconf 81' lang='grc' dir='ltr'><strong>εὶς</strong></span> <span class='ocrx_word' id='word_1_244' title='bbox 797 3685 935 3778; x_wconf 77' lang='grc' dir='ltr'><strong>ἔσχατον</strong></span> <span class='ocrx_word' id='word_1_245' title='bbox 950 3693 1044 3810; x_wconf 71' lang='lat' dir='ltr'><strong>ptivrp</strong></span> <span class='ocrx_word' id='word_1_246' title='bbox 1038 3683 1144 3748; x_wconf 70' lang='lat' dir='ltr'><strong>Oto·</strong></span> 
     </span>
     <span class='ocr_line' id='line_1_33' title="bbox 74 3789 1145 3892; baseline 0.004 -38"><span class='ocrx_word' id='word_1_247' title='bbox 74 3791 188 3860; x_wconf 82' lang='grc' dir='ltr'>οιιλονί</span> <span class='ocrx_word' id='word_1_248' title='bbox 177 3818 230 3873; x_wconf 85' lang='grc' dir='ltr'><strong>ικη</strong></span> <span class='ocrx_word' id='word_1_249' title='bbox 246 3801 393 3892; x_wconf 78' lang='grc' dir='ltr'>περιισιη</span> <span class='ocrx_word' id='word_1_250' title='bbox 410 3793 573 3864; x_wconf 80' lang='grc' dir='ltr'>κινδύνου·</span> <span class='ocrx_word' id='word_1_251' title='bbox 602 3791 698 3879; x_wconf 84' lang='grc' dir='ltr'>μόλις</span> <span class='ocrx_word' id='word_1_252' title='bbox 715 3797 750 3862; x_wconf 72' lang='grc' dir='ltr'><strong>δὲ</strong></span> <span class='ocrx_word' id='word_1_253' title='bbox 770 3820 825 3860; x_wconf 86' lang='grc' dir='ltr'><strong>και</strong></span> <span class='ocrx_word' id='word_1_254' title='bbox 847 3801 907 3888; x_wconf 79' lang='grc' dir='ltr'><strong>οὐν</strong></span> <span class='ocrx_word' id='word_1_255' title='bbox 920 3791 1013 3878; x_wconf 79' lang='grc' dir='ltr'><em>πόνῳ</em></span> <span class='ocrx_word' id='word_1_256' title='bbox 1033 3789 1145 3884; x_wconf 74' lang='grc' dir='ltr'>πολλῷ</span> 
     </span>
     <span class='ocr_line' id='line_1_34' title="bbox 74 3885 1158 3984; baseline 0.001 -30"><span class='ocrx_word' id='word_1_257' title='bbox 74 3897 131 3976; x_wconf 80' lang='grc' dir='ltr'><strong>τῆς</strong></span> <span class='ocrx_word' id='word_1_258' title='bbox 155 3896 348 3974; x_wconf 71' lang='grc' dir='ltr'>πολιορκίαις</span> <span class='ocrx_word' id='word_1_259' title='bbox 371 3895 409 3959; x_wconf 84' lang='grc' dir='ltr'><strong>λυ</strong></span> <span class='ocrx_word' id='word_1_260' title='bbox 413 3894 560 3976; x_wconf 65' lang='lat' dir='ltr'><strong>hacope</strong></span> <span class='ocrx_word' id='word_1_261' title='bbox 574 3900 638 3962; x_wconf 82' lang='grc' dir='ltr'><strong>τῶν</strong></span> <span class='ocrx_word' id='word_1_262' title='bbox 662 3894 754 3962; x_wconf 71' lang='lat' dir='ltr'><strong>lodov</strong></span> <span class='ocrx_word' id='word_1_263' title='bbox 780 3898 950 3984; x_wconf 77' lang='grc' dir='ltr'>ιιαριιρῶς</span> <span class='ocrx_word' id='word_1_264' title='bbox 969 3885 1158 3977; x_wconf 79' lang='grc' dir='ltr'>ἀντισχόν-</span> 
     </span>
     <span class='ocr_line' id='line_1_35' title="bbox 72 3989 1144 4124; baseline 0 -66"><span class='ocrx_word' id='word_1_265' title='bbox 72 4013 151 4072; x_wconf 80' lang='grc' dir='ltr'><em>των,</em></span> <span class='ocrx_word' id='word_1_266' title='bbox 180 4017 341 4084; x_wconf 61' lang='lat' dir='ltr'><strong>repexam</strong></span> <span class='ocrx_word' id='word_1_267' title='bbox 359 4023 378 4082; x_wconf 86' lang='grc' dir='ltr'>η</span> <span class='ocrx_word' id='word_1_268' title='bbox 400 3993 512 4074; x_wconf 59' lang='lat' dir='ltr'><strong>Eltabo</strong></span> <span class='ocrx_word' id='word_1_269' title='bbox 534 3991 649 4078; x_wconf 72' lang='grc' dir='ltr'>ι’ξιιτιιζ</span> <span class='ocrx_word' id='word_1_270' title='bbox 632 3997 701 4078; x_wconf 85' lang='grc' dir='ltr'>ζιτο</span> <span class='ocrx_word' id='word_1_271' title='bbox 721 3995 825 4064; x_wconf 79' lang='grc' dir='ltr'><strong><em>πᾶσα</em></strong></span> <span class='ocrx_word' id='word_1_272' title='bbox 863 3996 958 4124; x_wconf 86' lang='lat' dir='ltr'><strong>l’aulo</strong></span> <span class='ocrx_word' id='word_1_273' title='bbox 979 3990 1055 4058; x_wconf 82' lang='lat' dir='ltr'><strong>haec</strong></span> <span class='ocrx_word' id='word_1_274' title='bbox 1075 3989 1144 4080; x_wconf 81' lang='lat' dir='ltr'><strong>pla</strong></span> 
     </span>
    </p>
   </div>
   <div class='ocr_carea' id='block_1_3' title="bbox 0 0 1416 4770">
    <p class='ocr_par' dir='ltr' id='par_1_6' title="bbox 0 0 1416 4770">
     <span class='ocr_line' id='line_1_36' title="bbox 0 0 1416 4770; baseline 0 0"><span class='ocrx_word' id='word_1_275' title='bbox 0 0 1416 4770; x_wconf 95' lang='lat' dir='ltr'><strong> </strong></span> 
     </span>
    </p>
   </div>
  </div>
 </body>
</html>
