2866 4770
73 359 201 451 ustus-l
544 381 668 434 noan.
1071 357 1148 438 stt
1179 351 1183 358 ’

72 545 172 601 nostro
186 552 265 596 aero
280 528 452 614 negleetsn
463 528 547 614 jacet
561 543 593 598 at
606 532 783 633 collapsas,
802 529 873 614 cust.
886 527 1029 598 lladscls'
1040 530 1155 603 chath

70 641 94 706 Ι.
113 661 141 706 o.
182 637 247 700 sex
276 635 381 699 leucas
400 654 420 699 a
439 633 659 705 Thessalonica
683 647 830 704 rensotunr
853 634 1011 702 castelluns
1031 641 1155 703 Amn-

70 744 188 810 Hs'rsor
205 737 280 804 «licit
299 738 508 828 (lonainoryus
526 743 552 809 l.
570 764 599 812 ο.
618 765 652 832 p·
668 742 744 826 590,
764 763 894 829 quocun
912 741 1016 810 coslnr
1036 742 1154 810 (lants-

69 846 175 914 onneni
195 845 295 912 locunt
314 866 407 931 snpra
427 843 563 914 diurn.

147 975 385 1042 Thessalonicae
405 975 529 1064 propius
548 977 605 1043 luit
624 978 708 1046 aliud
727 977 894 1062 castellum,
916 977 1156 1077 Μαιῶ-

67 1085 141 1165 rori)
154 1079 288 1162 nomine,
309 1102 327 1144 e
348 1081 549 1167 septentrione
565 1081 660 1166 urbis,
683 1097 717 1149 ut
732 1088 1017 1174 Gynaecooastrnrrr.
1044 1086 1155 1152 Seslcss

66 1190 172 1259 habuit
199 1188 239 1254 nt
258 1185 449 1252 llchedorutu
470 1185 663 1272 inferiorem,
687 1189 781 1272 juxta
806 1189 919 1255 veteris
940 1193 1041 1276 (puto)
1064 1192 1155 1258 Litas

63 1293 222 1380 reliquias.
274 1293 322 1356 Da
351 1289 411 1356 hoc
437 1288 577 1356 videmur
604 1292 794 1382 Nicephorus
822 1295 996 1386 Bryennios
1020 1299 1154 1384 t,1⁹.‚

64 1424 153 1489 quern
176 1400 276 1464 locusn
296 1395 385 1462 anuli
405 1421 437 1486 p.
453 1397 504 1463 67.
523 1391 597 1465 284.

145 1531 247 1616 Fuere
267 1539 298 1590 et
317 1525 379 1591 alia
399 1549 493 1615 prope
514 1526 763 1594 Thessalonicam
783 1533 934 1613 ennena,
956 1555 1083 1618 quorum
1099 1561 1153 1608 nc·

64 1633 147 1702 mina
170 1655 232 1697 non
254 1629 422 1699 traduntur.
462 1633 547 1699 vtte
567 1633 697 1700 Dissert.
718 1633 891 1702 historicam
910 1659 942 1724 p.
957 1633 1010 1706 44.
1029 1640 1083 1721 (erl
1101 1665 1154 1708 se·

58 1744 161 1808 culum
182 1738 290 1824 vlu).
341 1738 395 1803 At
415 1737 624 1805 annum135ll
643 1738 1002 1809 cousercentucusenunr
1021 1742 1062 1828 4,
1083 1747 1153 1816 17.=

68 1847 156 1927 Τούς
186 1871 221 1913 τι
249 1844 454 1932 Τριβαλλοὺς
483 1844 627 1920 (Serbos)
657 1845 722 1911 τῶν
749 1851 821 1936 περὶ
849 1849 907 1932 τήν
931 1847 1025 1918 πόλιν
1047 1879 1154 1942 ‹ppon-

60 1963 139 2046 ρι’ων
162 1953 331 2040 ἐξήλαυνε.
377 1953 477 2017 Fuere
507 1947 610 2014 lorsan
641 1953 793 2032 quaedam
817 1975 920 2020 eorum
949 1955 1151 2026 munimento·

58 2087 146 2146 reru,
170 2082 300 2147 quorum
313 2057 460 2142 reliquiae
477 2055 509 2121 in
527 2077 564 2120 ea
582 2055 720 2121 convalle
738 2056 972 2146 conspiciuntur,
994 2085 1048 2148 per
1063 2086 1153 2148 quatu
1180 2121 1183 2130 ,

57 2181 106 2234 est
133 2167 199 2232 iter
227 2166 266 2231 ad
295 2166 393 2230 lacurn
421 2163 585 2245 Langazae
612 2159 831 2242 (Prasiatleru).
873 2167 921 2228 De
942 2163 990 2229 his
1010 2189 1099 2252 agenr
1119 2169 1152 2238 in

55 2272 128 2338 viae
149 2271 305 2357 Egnatiaa
326 2265 528 2355 expositione.
576 2268 675 2331 Fuere
701 2287 820 2352 quoque
840 2266 912 2354 pagi
932 2269 1037 2335 rnuniti
1057 2295 1152 2360 propa

54 2377 95 2442 ad
122 2399 228 2448 mare,
242 2370 480 2442 Thessalonicae
506 2366 656 2453 vicinum,
687 2367 759 2438 coll.
789 2374 954 2438 centaouz.
973 2372 1011 2456 3,
1032 2373 1075 2442 (il
1096 2375 1151 2458 (al

53 2503 170 2547 annunt
198 2479 306 2558 l3l3).
669 2461 671 2470 ,

134 2598 331 2666 orientalem
356 2596 442 2665 sinus
462 2594 637 2666 Thermaici
663 2617 745 2662 oraru
771 2617 877 2684 parunt
897 2617 996 2683 aquae
1015 2598 1152 2670 lluvialis

50 2706 132 2771 suari
152 2704 347 2787 ministrare,
369 2704 443 2770 satis
462 2703 643 2788 abundeque
662 2713 764 2766 norum
786 2713 843 2769 est.
884 2701 982 2768 Rivoa
1002 2707 1150 2790 quostlanr

50 2814 194 2897 majores
216 2831 254 2876 ao
275 2823 422 2875 torrentes
442 2807 617 2875 Chalcidica
636 2804 750 2887 hahet,
770 2829 831 2871 non
850 2805 991 2890 flumina3
1022 2808 1150 2898 ipseque

50 2912 296 2996 Thessalonica,
319 2936 407 3000 quant
424 2914 504 2978 male
519 2909 640 3000 quidam
654 2908 809 2996 (Michael
825 2913 962 2998 Laquien
980 2910 1010 2977 in
1022 2915 1149 2984 Oriente

48 3020 231 3087 christiano
248 3017 323 3084 Vol.
333 3023 376 3084 ll.
398 3043 428 3106 p.
440 3019 491 3084 27.
527 3017 605 3084 Pelt.
621 3017 788 3105 prolegom.
805 3011 995 3102 inepistolaa
1007 3021 1048 3085 ll.
1059 3020 1149 3088 Pauli

48 3120 354 3192 Thessalonicenses
378 3145 410 3209 p.
432 3123 494 3194 Χ.)
522 3122 568 3186 ad
588 3107 870 3206 tpsnn'axtnn
891 3123 1036 3191 flumen
1057 3111 1152 3194 sinan

48 3243 197 3310 narrant,
221 3226 296 3292 rivis
312 3245 342 3292 et
357 3223 592 3312 scaturiginibus
609 3224 722 3308 gautlet
736 3247 754 3290 e
769 3239 868 3290 monte
882 3227 1044 3296 chortaeto
1060 3231 1148 3298 tiela.

48 3333 219 3412 bentibus,
246 3353 305 3396 non
329 3330 515 3397 fluminibus.
556 3334 717 3396 Tumorans
738 3330 816 3396 euius
837 3335 998 3401 oratorium
1020 3360 1093 3424 prae
1111 3359 1148 3404 se

48 3445 154 3505 lerunt
169 3437 371 3502 Cameniataa
386 3436 481 3502 verba
495 3449 608 3500 narrat.
621 3437 728 3500 Seraz.
743 3456 810 3524 cap.
821 3437 851 3502 5.
864 3437 918 3519 (etl
932 3461 1041 3505 annum
1053 3431 1145 3519 wll:

48 3541 280 3632 Κεκόσμηται
300 3584 333 3610 .·
356 3541 474 3610 ὕδασιν
500 3537 661 3626 ἀπείροις,
691 3546 759 3620 τοῖς
785 3548 846 3628 μὲν
872 3553 1042 3631 πηγαίοις,
1076 3553 1146 3626 τοῖς

48 3660 80 3723 δὲ
105 3653 316 3737 ποταμίοις,
346 3645 394 3730 οἷς
415 3655 451 3718 αἱ
470 3647 592 3737 λόχμαι
611 3651 670 3716 τοῦ
690 3646 788 3736 ὅρους
809 3654 857 3736 τῷ
876 3657 974 3738 asilos
992 3658 1145 3742 χαρίζον-

48 3792 115 3843 ιαι,
140 3764 206 3830 καὶ
230 3755 332 3843 αὐτὴν
352 3763 386 3826 δὲ
407 3751 466 3841 τὴν
482 3757 669 3828 θάλασσαν
684 3759 876 3839 δεξιοῦνται.
904 3761 1023 3849 Quippe
1040 3761 1073 3826 in
1090 3785 1145 3828 co·

48 3872 184 3937 eundem
207 3865 345 3933 locorum
367 3864 567 3952 descriptione
584 3863 665 3929 solos
679 3863 778 3930 lontes
789 3866 1144 3952 Nicephorusllhuntuus

48 3985 205 4042 nemorat
228 3968 263 4035 in
276 3970 411 4038 oratione
423 3969 462 4037 ad
479 3970 769 4037 Thessalonicenses
779 3971 989 4054 (Boiaaouaulii
1000 3973 1142 4042 Auectld.
