2846 4770
497 384 805 438 annuntiantem.
1002 397 1004 410 “
1118 395 1187 444 ΧΟΙ

107 528 226 596 viciuos
241 532 347 618 Byens
359 545 443 615 putat
459 529 484 602 l.
498 552 525 600 e.
547 554 577 620 p.
595 531 665 599 176.
705 536 767 600 Eoo
778 547 878 610 tamen
889 535 969 604 inter
986 537 1187 628 Strymonius,

106 655 128 698 a
150 633 261 718 quilrns
280 635 553 722 amphipofitmam
571 637 709 729 ⁸meruitne
735 654 764 704 et
786 639 1011 728 Philippensem
1031 644 1186 730 regionem

102 737 262 804 obsessam
283 753 365 825 puto,
390 739 695 827 Thessalonicamque
714 741 842 826 sedisse,
864 767 971 814 nornen
991 741 1094 818 ee'rnu
1116 772 1188 834 pro-

107 841 212 906 babile
232 841 318 923 fecit,
347 837 426 930 quod
446 842 478 908 irr
497 867 574 913 uoce
593 844 677 911 urbia
701 849 899 916 Macedoniae
919 851 1068 918 Roadino
1088 856 1188 932 (lieu-

106 949 188 1030 tine)
209 948 412 1035 deprehendo,
434 971 524 1035 qnam
540 950 714 1038 Strymonio
734 952 809 1018 mari
829 952 892 1018 iere
911 954 1077 1042 appositam
1097 957 1186 1026 tohu-

104 1053 158 1118 lae
183 1076 231 1138 ge
223 1051 404 1139 cgraphicae
435 1053 632 1122 recentiorum
660 1053 838 1141 perhibent.
866 1071 913 1122 est
932 1080 976 1128 se.
1003 1057 1081 1128 inter
1108 1061 1187 1128 ustie

103 1157 190 1226 lacus
214 1156 326 1226 Bolbee
346 1157 491 1244 fluviique
511 1159 696 1250 Strymonis,
717 1161 789 1226 coll.
809 1159 906 1230 Nobis
926 1184 957 1248 p·
970 1163 1012 1232 68
1026 1187 1074 1252 oq.
1115 1169 1185 1232 Ma·
1195 1187 1199 1198 ’

105 1261 224 1330 ritimos
242 1261 354 1343 fuisse,
375 1264 580 1332 antecedentis
599 1264 765 1334 obsidionis
785 1264 916 1331 narratio
936 1267 1039 1349 docet,
1063 1249 1186 1354 limign-

105 1367 178 1434 lritis
198 1383 229 1435 et
243 1371 412 1461 Sagedatis
434 1370 530 1458 magis
549 1368 583 1438 in
601 1369 701 1438 media
721 1385 801 1437 terra
820 1369 1035 1438 habitantibus.
1070 1372 1187 1452 Quodsi
1277 1388 1280 1394 '

53 1453 57 1467 ’
108 1472 265 1560 propiores
286 1473 374 1539 etiam
395 1475 631 1544 Thessalonicae
651 1473 683 1539 lri
701 1472 851 1539 Runclrioi
870 1473 964 1553 luere,
986 1487 1048 1542 tnrn
1064 1475 1187 1562 navigia

106 1599 165 1642 ena
191 1577 368 1666 monoxylo,
381 1577 413 1644 iu
440 1579 535 1646 fluvio
556 1577 715 1646 lichedoro
736 1576 890 1656 (Gallico)
910 1576 1088 1660 habebant,
1108 1580 1187 1646 unde

109 1681 145 1745 iu
166 1681 262 1748 sirum
285 1681 506 1766 'llnermaicum
530 1697 632 1770 utpote
648 1680 760 1748 ciuitati
780 1695 901 1747 nostrae
920 1679 1051 1748 maxime
1071 1699 1189 1750 couter-

108 1785 193 1868 mini,
215 1785 457 1868 devehebantur3
477 1786 525 1854 siu
538 1783 704 1878 Strymonii
723 1785 806 1850 ainus
822 1775 910 1852 litiora
927 1783 1079 1867 tenebant,
1100 1809 1190 1872 prae·

107 1892 328 1978 ternavigauda
355 1906 440 1957 erant
461 1891 652 1960 chalcidices
676 1889 895 1979 promontoria,
926 1903 959 1954 ut
976 1888 1072 1955 sinutu
1090 1890 1191 1956 Ther·

106 1994 235 2065 maleum
254 2019 274 2060 a
294 1995 448 2060 meridie'
438 2010 593 2062 rotrarent.
635 2000 682 2060 De
697 1995 914 2100 Steyrncnt'te
902 1992 1091 2063 Solariuis
1078 2016 1112 2060 tu
1127 1995 1189 2064 line

106 2096 201 2183 hujus
222 2098 295 2170 belli
315 2101 462 2185 quaedam
481 2114 686 2170 annectentur.

460 2296 635 2365 Secunda
661 2292 829 2362 obsidio.
898 2295 901 2304 ’

190 2423 238 2486 E'a
262 2420 387 2506 primaru
412 2421 501 2490 lorevi
525 2422 687 2489 intervallo
706 2435 808 2490 secuta
828 2433 892 2502 est,
922 2443 981 2488 non
1001 2422 1188 2491 cessantibus

107 2522 294 2610 quotidianis
319 2529 384 2592 lere
408 2527 629 2594 incursionibus
654 2527 686 2594 in
711 2526 778 2614 loca
798 2523 865 2592 urbi
889 2524 1024 2594 finitima.
1065 2528 1187 2613 Captivi

106 2627 249 2720 permulti
268 2649 288 2693 a
308 2630 458 2697 sclavinis
476 2631 608 2712 obducti,
630 2644 720 2716 atque
736 2629 798 2695 ulia
812 2629 920 2696 damna
934 2630 1187 2698 Thessalonicen·

107 2731 195 2798 eilrue
213 2731 297 2799 illata
317 2750 397 2800 suut.
439 2739 564 2802 Factum
582 2755 711 2819 quoque,
736 2748 780 2814 ut,
800 2755 867 2800 curn
887 2732 926 2800 de
947 2735 1120 2819 occupanda
1140 2735 1186 2801 ci·

105 2837 203 2926 nitate
228 2836 430 2906 indesinenter
457 2840 640 2926 cogitarent,
668 2839 783 2923 aliique
803 2837 864 2908 elia
884 2851 1030 2908 tormenta
1050 2839 1187 2909 obsidio·

104 2940 189 3006 ualia
209 2941 401 3026 effingerent,
429 2941 577 3032 quispiam
598 2965 637 3012 ex
656 2941 711 3023 iis,
734 2941 904 3027 hujusmodi
923 2942 1185 3012 instrumentorum

105 3043 347 3114 fabricandorntn
363 3046 497 3134 peritior,
515 3047 580 3110 miri
596 3045 716 3112 artificii
731 3045 836 3112 turrim
851 3047 993 3130 lignenm,
1011 3069 1070 3132 qne
1084 3048 1186 3115 Thes-

103 3148 270 3216 salonicam
298 3165 379 3216 certo
409 3153 640 3237 expugnandam
672 3151 842 3232 asserebat,
872 3149 1067 3234 excogitaret.
1117 3155 1184 3237 Ap·
1288 3213 1290 3226 ,

103 3252 250 3340 probatur
275 3254 437 3326 delineatio
459 3257 644 3344 principibus
664 3253 890 3323 sclavinorum:
921 3254 1022 3332 mrrltis
1041 3253 1185 3322 ministris

103 3356 245 3438 adiutus,
272 3381 378 3456 ruepus
404 3384 475 3428 eune
501 3363 612 3428 artilex
637 3361 795 3449 operiente
816 3358 968 3428 admovet.
1011 3362 1088 3426 Turn
1109 3383 1184 3430 vere

96 3447 320 3530 ⁸&Demetrius
337 3467 530 3554 spectandum
548 3467 576 3532 ei
596 3490 630 3532 se
647 3464 782 3552 praebet,
803 3463 951 3552 alapaque
968 3464 1001 3530 iu
1017 3463 1096 3532 lacis
1113 3488 1184 3551 per·

103 3587 225 3634 cussum
252 3567 360 3635 tuentis
384 3570 524 3656 impotem
548 3570 663 3651 reddit3
695 3593 753 3654 quo
774 3569 855 3634 teoto
875 3566 966 3636 homo
988 3592 1029 3634 ex
1053 3567 1182 3635 aliorum
1216 3555 1218 3564 ¹

105 3686 267 3757 conspectu
286 3673 317 3739 in
338 3674 456 3743 deserta
476 3676 619 3744 montium
639 3673 767 3758 aufugit.
807 3671 969 3740 Machiuae
988 3673 1105 3740 fabrica
1123 3696 1184 3742 non

102 3774 276 3862 perfinitum
296 3778 490 3846 nihilominus
504 3778 640 3847 Sclaviui
654 3777 739 3844 urbis
753 3774 939 3844 obsidionem
954 3777 1183 3861 aggrediuntur.

101 3878 248 3960 Artifex,
273 3879 305 3946 iu
325 3881 474 3948 moretm
494 3896 709 3963 commoratus,
731 3880 865 3946 nuntiata
885 3877 1016 3947 civitatis
1028 3903 1092 3965 ‘per
1110 3903 1182 3948 snos

102 3982 345 4076 oppugnatione,
366 4002 494 4058 ruentem
513 4011 617 4060 ranam
637 3998 810 4075 recopernt3
840 3986 987 4070 Sanctus,
1013 3983 1061 4054 illi
1081 3985 1181 4054 denuo
