2834 4772
257 407 334 485 42⁰
682 427 898 480 κτυποιοιει.
1239 405 1343 496 [cu.

261 584 370 670 λικῆς,
396 579 439 650 δι’
461 569 500 662 ἧς
521 579 624 658 ἔθνος
644 582 700 647 καί
721 586 818 648 τοῦτο
838 584 926 667 μέγα
950 585 1007 648 καὶ
1029 575 1201 668 λθνοίρχης
1223 575 1345 663 ἐκεῖνος

262 687 413 778 λαμπρός
437 682 481 764 εἰς
499 681 600 753 τόσον
622 692 867 772 τεταπείνωται,
888 693 943 758 καὶ
962 686 1006 768 είς
1024 692 1176 757 δουλεῖαν
1192 688 1347 758 πεπότα-

264 821 348 872 κται.
374 789 423 864 Ὦ
435 791 622 884 πρᾳότητος
640 785 753 884 αὖθις,
774 794 818 866 δι’
840 789 880 887 ἧς
899 794 973 868 οίίτε
993 795 1035 865 τό
1057 794 1162 867 πώλαι
1180 797 1347 886 πτώματα

263 907 455 1001 ὑφορῶνται
475 909 506 972 οἱ
524 903 705 993 βάρβαροι,
727 903 800 974 ούτε
817 905 860 973 τό
880 903 1072 996 τραύματα,
1095 910 1176 974 ποσὶ
1200 911 1238 974 δὲ
1259 902 1347 986 ὅλοις

265 1017 310 1098 είς
325 1018 383 1086 τόν
399 1014 628 1104 γαληνότατου
643 1011 805 1098 δεσπότην
819 1021 977 1104 τρέχουσι.
1004 1015 1170 1082 Μάλιστα
1186 1009 1348 1103 μενοῦνώ

264 1132 370 1206 ἐλέους
391 1129 447 1194 καὶ
464 1119 659 1208 εὐεργεσιῶν,
681 1117 720 1200 ὁίς
739 1118 1052 1210 ἀντισταθμώμενοι
1073 1129 1142 1202 τοῖς
1160 1122 1348 1212 παθήμασι

264 1243 414 1326 γίνονται
431 1258 490 1299 του
475 1233 693 1308 καλλίονος,
720 1236 774 1298 καλ
793 1235 868 1318 δίου
888 1229 1101 1309 κινδυνώδους
1123 1238 1346 1320 προτίθενται

267 1345 307 1420 τό
330 1341 502 1412 ἀκίνδυνον
521 1337 702 1426 εὔγνωμον,
728 1345 782 1406 καὶ
802 1342 967 1428 κρίνουσιν
986 1337 1030 1418 είς
1048 1339 1175 1428 ὀρθὸν,
1204 1353 1349 1448 κρεῖττον

265 1447 350 1527 εἶναι
370 1449 529 1520 δεσπότου
549 1453 643 1535 χερσὶ
657 1445 959 1541 καταυγασθαι,”
938 1475 1019 1535 ηπερ
1046 1446 1247 1534 μώστιξιν’
1230 1451 1349 1536 επιτρί-

266 1567 408 1652 βεσθαι,
436 1549 505 1642 ίίσῳ
527 1554 640 1624 καὶτὸ
665 1557 723 1635 τῆς
750 1552 929 1682 εὐεργεσίας
951 1555 1051 1627 καλόν
1073 1559 1137 1626 τῶν
1165 1566 1201 1626 ὲκ
1227 1561 1349 1644 πληγης

265 1675 423 1759 δυσχερῶν
443 1663 649 1752 ἱλαρώτερον.

174 1783 176 1787 ’
350 1777 401 1841 19.
446 1775 560 1842 Ταῦτα
589 1777 644 1840 καὶ
670 1769 712 1840 τὰ
743 1767 871 1850 τούτοις
900 1771 1056 1867 σύμφυλα
1086 1779 1188 1866 μυρία
1218 1781 1283 1862 μὲν
1309 1776 1350 1860 τῷ

268 1883 393 1974 πλήθει
422 1884 469 1976 τῷ
494 1908 528 1950 τε
550 1883 709 1969 μεγαλείῳ
736 1883 897 1968 ίξηρμὲνα
925 1881 969 1962 είς
995 1889 1152 1968 μέγιστον
1179 1888 1238 1951 καὶ
1258 1881 1350 1964 αιἰεός

271 2000 331 2082 μὲν
352 1990 583 2081 οίνακροίζομαι
604 1994 685 2069 (πῶς
705 1989 769 2078 γόιρ
790 1988 829 2059 οὐ
837 1997 870 2076 3)
878 2037 888 2071 ‚
910 1987 928 2059 6
950 1990 995 2079 μὴ
1016 1991 1116 2070 λοίλος
1137 1993 1173 2057 ἰν
1195 2005 1268 2070 τοῖς
1288 2019 1349 2060 τοι-

272 2101 381 2182 ούτοις
400 2094 481 2171 εἶναι
502 2099 547 2190 μὴ
569 2099 670 2182 είδὼς,
692 2107 746 2170 καὶ
767 2099 840 2169 ὅσοι
859 2105 894 2168 δὲ
913 2102 973 2168 τοῦ
993 2105 1064 2188 περὶ
1085 2103 1140 2188 ἐμὲ
1160 2096 1287 2190 λόχους
1305 2105 1347 2186 γε’·

270 2236 397 2282 νονται.
441 2207 521 2282 Οὐδὲ
537 2207 603 2298 γολρ
617 2209 690 2279 ὀὐδ’
712 2208 805 2278 αὐτοὶ
821 2207 865 2297 μὴ
886 2205 925 2277 ού
939 2212 1106 2277 συλλαλεῖν
1121 2203 1204 2294 ἡμῖν
1224 2210 1348 2292 ἀνέξον-

271 2347 345 2404 ται,
383 2314 421 2389 ού
449 2316 505 2388 διοί
533 2317 638 2406 μόνον
665 2317 703 2394 τό
730 2321 761 2402 ἐξ
786 2315 878 2404 ἡμῶν
900 2315 1077 2404 σύνθημα,
1107 2317 1300 2405 πνεύματος
1322 2327 1351 2388 66

272 2433 371 2499 θείου
389 2433 444 2497 καὶ
464 2427 609 2516 μάλιστα
629 2426 886 2516 συνεπηχοῦντας
908 2431 963 2494 καὶ
987 2425 1047 2514 τὴν
1074 2425 1191 2520 φωνὴν
1207 2425 1353 2514 ἀντεβόλ-

273 2544 390 2616 λοντος
408 2536 452 2616 εἰς
470 2541 653 2624 ἐμμέλειαν.
685 2536 826 2624 Ἔπρεπε
843 2539 878 2604 δὲ
895 2532 997 2614 όντως
1019 2536 1184 2625 ἐνεργείας
1205 2543 1266 2623 τῆς
1282 2548 1352 2608 ὲκεί-

274 2651 341 2715 θεν
364 2647 561 2734 πεπλῆσθαι
587 2644 793 2733 ξύμπαντας,
825 2652 881 2716 καὶ
909 2647 1059 2735 γλώσσας
1092 2652 1352 2736 διανενεμῆσθαι

273 2758 339 2842 πῦρ
358 2751 456 2839 λόγου
476 2757 652 2832 πνιούσας·
688 2755 730 2833 ώς
750 2752 809 2842 ίίν,
830 2755 933 2845 ὥσπερ
956 2759 1020 2824 τών
1042 2763 1109 2824 σώυ
1130 2757 1354 2848 κατορθωμεί·

273 2885 337 2930 ταν
363 2858 382 2948 ἡ
409 2857 579 2948 οἰκουμένη
606 2861 828 2952 πεπλήρωται,
860 2856 943 2933 ούτω
967 2867 1105 2932 καὶτῶν
1127 2865 1353 2955 κηρυττόντων

274 2966 316 3036 τό
337 2965 396 3050 σοὶ,
418 2975 474 3036 καὶ
495 2970 589 3039 οὐδὲν
608 2963 708 3054 ἧττον
729 2967 810 3062 ἥπερ
830 2970 872 3039 τό
893 2969 1047 3062 τρόπαια,
1068 2974 1210 3065 φθάνοι
1231 3001 1353 3046 παντα-

270 3084 336 3174 χοῦ
355 3085 415 3163 γῆς
433 3083 489 3145 καὶ
508 3080 550 3146 τὰ
570 3080 634 3147 τών
650 3082 817 3166 τροπαίων
835 3079 1134 3170 διακηρυκεύματα,
1155 3089 1215 3152 καὶ
1236 3113 1257 3168 η
1278 3083 1354 3172 σύμ·

273 3207 367 3252 πασα
391 3185 435 3271 γῆ
460 3192 518 3274 τῆς
545 3195 605 3276 σῆς
629 3186 970 3278 πληροῖτοκαθάπερ
992 3196 1167 3273 συνέσεως,
1197 3191 1354 3263 οὕτωκαὶ

274 3318 334 3376 της
355 3290 515 3375 αινίσεως.

354 3401 408 3468 29.
434 3398 531 3472 Ἀλλόι
555 3400 598 3471 τοί
617 3399 717 3491 μὲν
696 3407 785 3497 αμφὶ
807 3402 972 3475 τούτοισιν
997 3396 1031 3478 εὖ
1047 3408 1182 3498 σχήσει,
1202 3413 1259 3478 καί
1280 3406 1354 3488 ωςό

274 3501 372 3590 λόγος
393 3509 625 3580 διετυπώσατο.
660 3509 743 3599 Ἐγώ
767 3519 816 3597 δὲ,
845 3515 896 3583 ὅτι
918 3526 1117 3604 μεμέτρηται
1140 3521 1159 3587 ὁ
1179 3517 1298 3606 καιρός
1317 3513 1355 3594 τίς

274 3613 389 3684 στενόν
407 3625 463 3686 καὶ
484 3625 712 3708 συντέτρηται,
733 3627 911 3707 σπουδῆς
897 3635 1005 3711 ετερας
1027 3631 1116 3695 θελω
1139 3631 1315 3712 γενέσθαι,
1333 3627 1360 3692 εἴ

273 3747 343 3800 πως
354 3724 460 3813 βραχύ
481 3755 513 3796 τι
525 3727 648 3818 χρόνου
667 3735 866 3818 ἐπιμετρηθὲ
869 3759 884 3797 ν
904 3737 1187 3824 λυδαψιλευθείη
1183 3763 1253 3803 αοι.
1292 3735 1355 3800 Καὶ

277 3827 328 3898 ότι
346 3835 516 3926 ε’φέλκεταί
534 3866 588 3920 μοι
603 3837 641 3908 τό
657 3839 875 3928 ἀκροατήριον
890 3869 907 3910 ο
898 3840 1137 3930 Ἰορδάνης
1106 3870 1151 3922 εις
1167 3845 1295 3920 ίαυτόν,
1308 3845 1358 3909 καλ

275 3923 347 3998 οἷον
363 3938 563 4024 παρασύρων
579 3943 713 4034 ἐφέλκει,
733 3947 787 4007 καὶ
802 3939 922 4020 πάντες
937 3945 1057 4010 ἐκείνου
1075 3950 1239 4030 γίνονται,
1257 3969 1357 4030 μηχα·

276 4030 383 4115 νεῖμαί
399 4062 431 4103 τι
450 4041 584 4126 σεμνὸν,
605 4037 650 4111 δι
670 4036 718 4111 οὗ
729 4046 768 4113 ἐπ
769 4037 910 4128 ὀλίγον
928 4039 1085 4132 κατόοχω
1107 4045 1168 4116 τόν
1189 4043 1357 4128 0626070'·
