2824 4770
437 379 748 462 rnocaooaraoe·
1087 383 1133 432 nx

139 531 254 596 liorem
274 529 477 597 narrationum
496 529 678 611 mcnndarn,
711 549 790 614 queo
804 525 977 616 Philippum
995 553 1015 596 e
1031 531 1133 600 Tinea·

69 633 193 702 mlonica
217 635 282 702 lilia
309 633 378 700 nrhi
402 657 510 726 nomen
533 634 713 724 imposuisse
731 632 842 714 refert,
870 633 963 700 oleris
979 635 1083 704 verbis
1100 635 1134 704 in

70 739 273 828 lltymolopico
290 744 338 806 M.
358 762 385 806 s.
406 761 439 806 v.
459 739 586 821 inveni,
606 739 704 812 ιιιίτιιτ
724 751 826 824 aperte
846 738 928 823 opud
947 740 1133 826 Stephanum

70 842 243 932 Byzantium
262 844 287 910 l·
303 866 331 910 c.
351 875 355 882 ·
379 845 443 910 Sed
467 844 658 931 Philippum,
685 841 852 910 Alexandri
864 843 978 928 Magni
998 861 1132 932 petrem,

69 947 234 1037 Philippos,
264 948 414 1016 Thraciae
439 948 562 1033 orbem,
592 947 740 1015 crepidas
767 952 823 1030 (ut
840 948 968 1028 nolant)
994 964 1064 1016 ente
1083 951 1133 1020 ti.

69 1069 156 1137 mam,
176 1077 217 1120 ex
236 1079 271 1122 se
290 1057 536 1144 cognominasse,
558 1065 636 1123 nota'
649 1052 769 1140 quidem
788 1073 837 1120 ret
853 1049 920 1116 eatr'
937 1053 1068 1124 nondum
1084 1070 1133 1124 ta·

70 1180 130 1223 men
148 1159 270 1244 audiri,
290 1160 453 1228 liberorum
471 1183 589 1248 quoque
608 1156 796 1238 nominihus,
817 1177 894 1241 quoe
913 1179 931 1222 e
952 1158 1045 1226 atriis
1065 1183 1133 1226 me·

68 1262 184 1330 linrilrns
212 1264 382 1353 suscepisse
408 1280 545 1350 ooustat,
579 1266 620 1332 ad
640 1263 767 1330 eandem
780 1283 849 1328 -rem
869 1284 967 1334 usum.
1014 1262 1132 1333 Deinde

70 1368 242 1459 Nioasipolis
260 1371 415 1454 Pheraeo,
437 1395 455 1436 e
474 1393 534 1458 qua
556 1365 803 1442 Thessalonicam
821 1380 1017 1452 susceperat,
1035 1367 1134 1438 nobili

70 1474 179 1556 quidem
198 1476 267 1541 loco
286 1489 358 1542 nata
376 1489 461 1542 orata
495 1475 550 1541 scd
570 1473 733 1562 prinoipem
754 1469 914 1554 conjugum
934 1472 1031 1540 locunt
1052 1471 1134 1540 obri.

70 1577 128 1643 suit
147 1579 321 1668 Olympias,
350 1579 541 1668 Neoptolemi
559 1579 761 1644 Molossorum
781 1575 863 1662 regis
883 1575 965 1660 fitia,
996 1578 1132 1645 Alexan-

71 1681 113 1748 dri
129 1685 228 1770 magni
248 1671 355 1767 mater,
376 1710 441 1753 non.
456 1685 634 1752 mediocrem
655 1681 784 1768 posthoc¹
804 1679 934 1750 nominis
952 1679 1000 1745 sui
1022 1681 1132 1756 lamam

70 1785 202 1858 intubus
220 1789 430 1862 Macedonicis
448 1791 559 1876 adepta
579 1787 749 1871 (Diodorus
767 1785 888 1852 Siculus
904 1786 1049 1866 19,51.>.

138 1896 287 1980 Majorem
311 1895 379 1962 rari
405 1894 537 1982 speciem
562 1891 651 1958 tertia
676 1895 807 1956 Tzetoee
835 1891 967 1958 narratio
998 1915 1070 1979 prae
1096 1916 1132 1960 se

68 1994 136 2078 lert,
160 2011 221 2064 tum
241 2021 296 2086 per
316 2023 350 2066 sa
369 2014 522 2086 spectus,
549 2012 610 2064 turn
629 2011 751 2084 propter
769 2017 890 2077 eorum,
917 1994 969 2080 qui
989 1994 1043 2062 diu
1061 2013 1132 2066 ante

68 2100 221 2169 chiliadem
249 2104 488 2169 concinnatorem
514 2125 581 2169 eam
608 2101 675 2168 tuiti
694 2113 783 2175 aunt,
811 2100 1028 2168 auctoritatem.
1069 2106 1132 2169 ln-

66 2222 212 2290 penatores
238 2207 307 2274 dieo
330 2211 554 2289 Romanorum,
584 2207 733 2272 lulianum
759 2214 789 2268 et
808 2203 1036 2270 Constantinum
1056 2210 1132 2274 Por·

66 2308 301 2398 phyrogenitum.
341 2311 588 2377 Thessalonicam
608 2311 711 2376 urbem
732 2330 752 2375 a
771 2307 900 2378 victoria
918 2310 1046 2391 quadam
1060 2316 1132 2378 Ma-

67 2415 204 2481 cedonum
225 2417 401 2482 Thessalica
419 2417 545 2496 dictam,
567 2430 627 2480 tarn
647 2401 966 2492 remdmllevidetur,
988 2428 1020 2478 ut
1034 2419 1132 2484 Grae-

67 2541 162 2586 corum
186 2521 323 2609 equidem
348 2520 502 2606 ingenium
528 2519 619 2587 raldo
638 2517 781 2598 mirarer,
808 2515 837 2584 ai
855 2529 894 2580 ea
913 2541 939 2582 s.
961 2523 1132 2591 narratione

67 2625 276 2712 supinatione
298 2647 422 2712 prorsus
441 2622 667 2690 abstinuissent.
706 2621 911 2689 Nihilominus
929 2640 1027 2693 tamen
1047 2633 1133 2698 serae

68 2731 196 2816 tendum,
222 2754 336 2798 namne
356 2729 488 2797 namatio
507 2730 547 2796 sit
567 2730 642 2813 ieta,
669 2752 708 2797 an
733 2724 941 2817 etymologia?
968 2733 1132 2802 Audiamus
1191 2730 1196 2736 ’

67 2835 183 2919 primum
209 2859 314 2902 eorum
339 2849 466 2918 testem,
494 2832 643 2901 lulianum
668 2834 897 2920 imperatorem,
926 2835 978 2918 qui
997 2838 1132 2906 oratione

69 2941 167 3025 tertia,
199 2957 271 3030 post
297 2964 408 3010 annum
436 2940 652 3028 punctum
678 2939 740 3005 3⁵6
767 2937 898 3025 scripta,
936 2937 1012 3005 haro
1038 2942 1132 3008 hahet

69 3048 156 3132 (0pp.
175 3049 224 3114 sd.
245 3037 303 3116 En
324 3046 489 3134 spanhem.
509 3069 541 3132 p.
557 3047 630 3115 107.
647 3047 720 3124 G.)=
742 3037 824 3133 Ἆρ’·
841 3033 905 3113 οὖν’
923 3045 970 3112 ἔτι
991 3047 1054 3135 χρὴ
1076 3053 1131 3122 διὰ
1170 3139 1173 3144 .

68 3155 207 3237 μειζόνων
227 3157 406 3239 τεκμηρίων
427 3153 562 3234 δηλοῦν,
591 3147 633 3229 ὡς
656 3151 784 3234 ἔνδοξος
802 3159 864 3240 μὲν
883 3153 904 3236 ἡ
926 3155 1131 3228 Μακεδόνων

70 3265 117 3327 aul
135 3263 259 3350 μεγάλη
280 3262 317 3329 τὸ
337 3257 490 3348 πρόσθεν
511 3263 650 3344 γένοιτο,
671 3255 792 3343 ταύτης
813 3263 848 3328 dl
869 3259 970 3348 αὐτῆς
990 3247 1132 3355 τὸνρά.

70 3391 171 3439 aroana
196 3367 217 3458 ἡ
244 3369 338 3448 πόλις
364 3372 491 3451 ἐκείνην
509 3361 550 3454 ἣν
576 3364 778 3458 ἀνέστησαν,
809 3367 977 3437 πεσόντων
1011 3363 1131 3462 οἶμαι

72 3477 251 3558 Θετταλῶν,
280 3475 339 3563 τιῖς
364 3474 438 3546 κατ’
463 3479 592 3545 ἐκείνων
617 3474 787 3563 ἐπώνυμον
811 3480 924 3562 viano,-
950 3482 1038 3560 Quae
1058 3484 1131 3567 quid

69 3579 121 3647 sihi
138 3585 252 3667 velint,
272 3607 399 3672 pronum
419 3584 537 3664 ridetur
556 3598 587 3650 et
606 3600 751 3672 opertum.
793 3587 958 3672 imperator
977 3591 1131 3656 Romanus

67 3708 120 3752 non
138 3693 248 3756 lamam
266 3683 397 3776 aliquam
419 3689 575 3754 obscurem
600 3692 693 3755 refert
718 3692 757 3756 do
777 3692 1055 3762 Thessalonicensis
1074 3719 1131 3764 no·

69 3791 150 3858 ruinis
170 3793 304 3878 origine,
325 3793 380 3859 sed
399 3800 504 3858 luam
523 3792 749 3881 opinionem
769 3799 981 3884 expromit,
1008 3813 1041 3864 ut
1058 3822 1129 3865 ora·

68 3905 110 3958 tor
124 3896 381 3980 grammaticusve.
422 3900 486 3964 lam
505 3899 661 3964 audiemus
681 3899 834 3986 sequentis
853 3901 924 3968 aovi
943 3903 1128 3989 scriptorem,

67 3999 242 4089 Suphnnm
260 4001 462 4093 Byzantium,
491 4002 544 4094 qni
566 4026 594 4072 s.
614 4023 645 4071 v.
669 4005 900 4092 ΘεσσαΙΙλονίκη
919 4007 997 4072 heco
1015 4006 1161 4081 hahetrd
