2834 4772
236 329 239 348 Ι
259 379 360 478 [440
552 399 556 420 ’
695 397 915 450 aarannrx.
1260 381 1361 475 [css.

280 548 469 638 sarcophago
488 521 559 614 saxi
577 533 685 616 uiridis
705 547 875 616 Thessalici
900 547 1062 616 translatae
1082 571 1153 618 esse
1174 553 1363 624 dienutnrir

286 653 428 720 lru'milen
448 655 580 720 arculam
601 655 831 747 (χαμοσόριον,
859 657 882 724 i.
904 679 933 725 e.
953 655 1195 746 χαμαιὸόριον,
1228 667 1363 728 meur-

173 755 179 764 ’
279 764 425 829 humilem
437 764 500 838 ,vel
519 764 607 828 humi
621 766 769 849 positam)
792 763 931 849 alapiae
952 763 1154 830 Proconnesia
1175 765 1249 830 sive
1274 769 1361 832 l‘icri·

283 891 386 935 masc:
416 892 455 934 ex
477 891 536 954 quo
557 883 683 952 nunqua
702 869 786 951 loco,
806 868 974 958 Anonymi,
994 867 1135 956 inquam,
1160 881 1193 932 et
1216 871 1360 936 conamu-

279 972 362 1056 tini,
381 972 470 1044 simul
499 973 568 1038 saxi
588 974 695 1039 viridis
711 972 903 1040 Proconnesii
923 973 1019 1040 minor
1039 973 1137 1039 bcnor
1157 975 1358 1062 cognoscitur.

282 1082 369 1147 aare
386 1079 602 1166 Tbecpbanem
622 1079 822 1146 continuatum
841 1077 873 1144 in
892 1077 1064 1163 Theophila
1085 1101 1114 1145 c.
1131 1079 1188 1147 43.

361 1184 467 1251 Habes
495 1185 585 1270 bujns
612 1185 785 1268 mmmcris,
812 1183 945 1267 Atracii',
973 1183 1113 1268 inquam,
1145 1207 1205 1272 per
1225 1187 1359 1251 anxiare

283 1291 386 1358 secula
408 1293 580 1374 (v—X.·,
610 1288 633 1359 i.
653 1313 683 1357 a.
703 1289 837 1356 Zenonis
863 1287 1019 1376 imperium
1047 1311 1144 1374 usqua
1170 1289 1216 1354 ad
1244 1314 1358 1375 regnun

164 1401 166 1406 ’
281 1395 395 1464 Leonis
420 1397 586 1482 Sapientis)
615 1395 771 1486 historiam
799 1393 961 1479 quandam.
1007 1395 1148 1458 Getarum
1178 1397 1358 1486 sepulcralia

281 1498 336 1564 illa
358 1523 484 1586 magnae
504 1501 591 1565 molis
610 1503 799 1565 monumento
820 1497 1153 1590 Constantinopolitano
1172 1523 1357 1587 nequaquan

208 1685 212 1698 „
252 1671 254 1678 Α
283 1619 368 1670 erant
395 1595 541 1690 reliquias
567 1603 746 1684 antiquioris
773 1602 946 1684 marmoris,
980 1605 1065 1687 cujus
1089 1603 1285 1691 lapicidinae
1309 1626 1357 1670 tus

281 1711 334 1776 vel
359 1733 414 1775 usu
434 1709 589 1774 absumtae
610 1724 711 1790 erant,
736 1710 788 1774 vel
808 1708 839 1773 in
861 1708 1043 1774 oblivionem
1062 1707 1219 1776 abierant.
1263 1714 1355 1791 Erant,
1401 1789 1402 1792 Ἴ

208 1901 215 1906 ᾗ
280 1829 313 1880 ut
333 1814 386 1880 alii
406 1814 596 1900 sarcophagi,
617 1812 798 1901 monolitba,
816 1813 852 1894 ¹³)
873 1815 896 1880 i.
913 1838 942 1880 e.
963 1837 1004 1878 ax
1024 1835 1084 1877 una
1103 1813 1185 1877 mole
1207 1814 1355 1898 fabricare,

280 1917 406 2007 excepto
420 1920 578 2006 operculo:
600 1918 704 1984 ovivc
719 1918 812 2003 igitur
827 1942 903 1984 saxo
920 1919 1109 1984 secabantur.
1153 1917 1267 1998 Quid?
1289 1919 1356 2004 quod

221 2091 226 2100 ,
280 2049 322 2090 ex
355 2026 444 2110 hujus
473 2023 583 2110 lapidis
612 2022 808 2108 sarcophagis
836 2046 1046 2109 nonnunquam
1076 2024 1136 2090 alia
1166 2025 1250 2091 artis
1276 2047 1355 2112 cpsrs

151 2185 154 2191 .
255 2117 258 2124 ’
279 2127 524 2210 conficiebantur,
546 2128 618 2200 coll,
632 2127 821 2193 Constantini
840 2128 906 2193 loco
927 2152 1016 2216 supra
1036 2129 1129 2194 allato
1152 2131 1193 2194 ‹le
1215 2134 1355 2198 Gonous-

223 2235 230 2242 ’
280 2235 343 2299 tino
355 2232 516 2322 caballino
528 2231 718 2319 imperatore.
759 2232 870 2297 Rarius
886 2233 974 2298 etiam
990 2233 1046 2298 bos
1061 2234 1277 2322 sarcophagos
1291 2238 1354 2300 alic·

280 2362 346 2405 rum
363 2336 679 2431 anteaimperatcrum
701 2335 865 2402 conditoria
885 2335 979 2402 fuisse
999 2353 1102 2425 putes:
1123 2337 1273 2406 obstabat
1294 2341 1354 2408 reli·

279 2437 359 2530 gio,
381 2466 468 2529 quarn
489 2465 507 2508 s
528 2441 652 2508 Graecis
671 2441 736 2507 fere
755 2441 820 2506 sols
841 2463 917 2506 aevo
938 2441 1150 2508 iconoclastico
1179 2446 1267 2521 cirea
1294 2449 1354 2510 talis

281 2549 424 2616 violatam
444 2570 512 2612 esse
531 2559 658 2612 constat.
699 2551 792 2611 lmruo
813 2546 930 2612 Atracis
951 2546 1033 2612 urbis
1050 2547 1196 2613 latomiae
1216 2551 1354 2616 neminen

278 2661 459 2722 Graecorum
476 2651 712 2742 Byzantinornm
726 2652 871 2733 latebant,
891 2654 1057 2730 luculenter
1073 2655 1105 2718 irl
1121 2669 1259 2720 testante
1274 2659 1354 2722 Paulo

203 2795 205 2799 ·
279 2757 472 2839 silentiario,
498 2757 583 2840 cujus
604 2755 746 2821 eximium
767 2756 864 2821 locum
883 2757 967 2824 initio
988 2760 1078 2843 bujus
1097 2763 1293 2827 tractationis
1310 2785 1354 2848 sp-

278 2861 375 2950 posui.
416 2863 465 2925 llx
485 2857 543 2926 ista
561 2858 654 2944 igitur
675 2856 796 2943 regione
817 2884 924 2927 saxum
943 2860 1042 2929 viride
1061 2864 1281 2932 Thessalicum
1302 2891 1354 2930 mr·

216 3041 221 3050 ,
279 2967 330 3032 rlio
350 2987 427 3034 aevo
447 2963 480 3030 in
499 2963 591 3031 Penei
611 2964 698 3031 fluvii
717 2966 805 3032 alveo
826 2966 997 3058 Larissam,
1017 2968 1050 3032 in
1070 2991 1132 3053 qua
1152 2971 1234 3036 urbe
1254 2971 1352 3036 multas

277 3068 412 3156 ejusdem
431 3069 594 3164 'marmoris
619 3069 764 3156 reliquiae
790 3070 957 3137 etiamnunc
983 3073 1212 3161 conspiciuntur
1235 3077 1354 3153 (carn

276 3171 407 3242 'l'ravels
426 3174 502 3241 Vols
515 3170 547 3242 4.
568 3195 599 3262 p.
610 3175 699 3257 281.)
706 3222 718 3260 ,
739 3175 849 3241 deinde
867 3177 900 3242 in
920 3199 1002 3243 mare
1022 3181 1181 3263 Aegaeum
1203 3181 1353 3250 denaus

276 3302 347 3348 csse
367 3277 488 3367 opinor,
520 3301 617 3365 sqco
636 3280 818 3368 Byzantium
838 3298 869 3347 et
887 3281 921 3348 in
941 3282 1019 3348 alias
1037 3282 1130 3350 urbes
1149 3285 1253 3354 venit.
1293 3286 1353 3352 Fuit

182 3441 185 3458 ,
276 3385 356 3452 enim
371 3388 488 3450 Peneus
509 3383 607 3472 prisco
626 3407 703 3451 savo
723 3383 918 3471 navigabilis,
938 3405 1078 3455 sanante
1093 3391 1198 3458 Plinio
1214 3396 1262 3460 Η.
1275 3395 1314 3458 n.
1327 3391 1352 3470 l,

223 3579 226 3586 ¹
270 3489 432 3571 '15.(8.)=
463 3491 586 3557 Peneus
604 3535 614 3556 .
634 3535 643 3556 .
662 3533 674 3556 .
693 3489 835 3580 desistens
853 3491 1032 3576 quingentis
1059 3495 1200 3580 modiis,
1230 3497 1353 3566 dissidio

288 3657 529 3676 m

221 3796 227 3804 .
309 3756 340 3824 “)
359 3759 404 3812 Da
420 3751 787 3829 monolithiasepnlcbrall·
833 3757 1030 3814 mermann'i
1045 3759 1227 3822 zeitscbrllt
1243 3767 1291 3824 fir
1308 3767 1349 3822 lle

270 3844 330 3898 bns
340 3839 563 3898 Thessalonicae
573 3844 672 3896 nnNos
685 3859 713 3912 p.
725 3844 785 3898 158.
832 3845 1237 3910 arrenhmnswissenscusn.
1245 3857 1350 3912 alba&

275 3925 357 3982 Talis
369 3923 543 3981 monolithus
554 3941 646 3996 nuper
656 3927 785 3982 anessa·
832 3946 898 4004 pag.
914 3933 960 3991 60.

275 4009 387 4068 lonicae
400 4009 524 4068 effossus
541 4016 597 4080 est,
613 4012 677 4066 coll.
689 4009 785 4068 zim-
