2834 4772
66 381 135 476 επ]
281 402 535 458 nummatus
559 393 994 460 ταττοιιουισεαειε..
1065 391 1141 464 413

70 563 163 626 δανα
179 551 446 643 κατερεύξισθαι·
469 552 529 624 σύν
544 546 606 644 εἶχε
620 558 654 624 δὲ
665 563 763 624 τοῦτο
778 565 900 628 ποιεῖτε
912 555 994 626 Ἀλλ’
1013 561 1031 629 ὁ
1048 566 1147 648 βασι-

68 663 159 762 λαιός
171 661 286 758 φόβος,
306 655 370 734 ὅσα
381 669 438 733 καί
451 661 569 742 σκότος
586 662 710 751 βαθύς,
726 669 932 754 ἐπίπροσθεν
945 673 1073 737 πίπτων
1089 673 1149 758 τῆς

67 770 192 866 ὄφιας,
224 770 340 840 ὁποῖον
365 769 405 858 δή
427 797 462 840 τι
482 769 617 858 πάσχειν
636 777 692 838 καί
711 785 780 850 ταῖς
802 775 996 864 βαρυτέροις
1016 775 1147 865 κήτεσιν

68 882 188 964 ἔπεισι,
215 884 323 968 μένειν
340 876 398 948 τόν
413 882 510 966 θῆρα
530 885 579 948 ἐπὶ
600 883 665 946 τῶν
684 876 806 947 οἰκείων
825 877 923 967 ἠθῶν
939 883 1147 972 κατηνάγκα-

69 992 133 1072 ζεν.
171 985 260 1057 Ἀλλ’
288 987 342 1058 ὅτε
362 1013 426 1055 που
450 987 586 1075 ἔναγχος
607 986 850 1071 άνασαλευθείη
874 996 907 1056 ἐκ
932 996 991 1076 τῆς
1010 993 1149 1082 ἑσπέρας

68 1095 135 1170 ύπό
154 1093 266 1189 ὁδηγῷ
271 1143 281 1176 ,
310 1103 350 1191 τῇ
375 1091 504 1182 ἀγεννεῖ
524 1089 724 1182 θρασύτητι,
752 1094 850 1165 ιιαθά
871 1121 937 1167 που
960 1106 1014 1168 καί
1037 1098 1055 1169 ὁ
1079 1107 1151 1170 θα-

67 1201 207 1282 λάσσιος
222 1203 304 1292 θὴρ
331 1199 474 1291 ἡγεμόνα
496 1198 716 1290 προβάλλεται
736 1205 797 1271 τοῦ
815 1209 924 1275 πλέειν
944 1203 1098 1295 ι’χθύδιόν
1118 1237 1151 1280 τι

68 1311 292 1406 φαυλότατον,
306 1314 459 1405 ἐπέφριξε
469 1317 531 1399 μέν
545 1336 637 1390 τινας
653 1311 802 1399 φολίδας,
818 1321 1058 1408 προισχόμενος
1068 1341 1150 1386 ναυ-
1266 1315 1269 1326 ’

68 1421 220 1508 μαχικῶν
238 1417 354 1488 ὅπλων
368 1415 603 1508 προβλήματα,
630 1424 686 1486 καί
706 1443 740 1486 τι
757 1421 816 1503 τῆς
835 1424 958 1514 λοφιᾶς
979 1426 1149 1515 ἐξέφηνεν,

69 1524 250 1614 ἀνακύψας
263 1523 483 1616 θρασύτερον,
505 1530 561 1594 καὶ
576 1528 634 1604 τῆς
649 1527 903 1622 κυματοτρόφου
919 1530 1150 1620 κατεχόρευσεν

70 1631 120 1713 εἰς
136 1633 245 1716 κενόν,
267 1641 325 1704 καί
339 1662 404 1704 που
420 1641 476 1704 καὶ
495 1633 540 1714 είς
555 1631 748 1718 ἀλαζονείαν
763 1635 838 1704 τινά
857 1635 1043 1730 εξεφύσησε.
1078 1645 1151 1708 Μι-

71 1741 157 1829 κρὸν
172 1746 208 1810 δλ
223 1734 302 1810 ὅσον
319 1737 336 1809 ὁ
353 1749 414 1830 μὲν
432 1739 558 1830 ἡγεμὼν
578 1745 637 1830 τῆς
652 1744 746 1824 ὀδοῦ,
767 1741 805 1812 τό
824 1745 989 1830 ποδηγοιίν
1007 1747 1150 1832 θράσος,

70 1850 242 1940 ἀπῆλθεν·
266 1846 284 1920 ὁ
302 1855 337 1920 δὲ
356 1859 414 1938 τῆς
430 1855 549 1931 δειλίας
563 1850 680 1929 σκότος
696 1851 943 1939 άντεπεισῆλθε,
962 1857 1017 1920 καὶ
1034 1853 1151 1938 βαθύ-
1228 1904 1234 1912 -

71 1984 167 2048 τερον
186 1961 451 2042 ίπισκεδασθείς,
477 1958 703 2046 ἀνακάμπτειν
725 1962 846 2027 ἐκεῖνον
861 1958 1049 2042 πεποίηκεν,
1075 1957 1151 2030 ούτε

71 2063 181 2154 ἄγρας
207 2062 485 2161 προσαψάμενον,
514 2072 571 2136 καὶ
597 2068 671 2137 σύδδ
698 2063 980 2137 άπακαταστάντα
1006 2073 1076 2148 τοῖς
1102 2077 1152 2138 ολ-

71 2180 170 2254 κείοις
203 2171 324 2262 ἤθεσιν
347 2171 391 2252 εἰς
417 2170 614 2262 ὁλόκληρον,
647 2169 697 2252 οἷς
725 2182 877 2246 ἐνταῦθα
906 2172 1001 2244 κάκτί
1022 2200 1152 2266 προσα-
1255 2170 1259 2185 ’

71 2281 275 2375 ρασσόμενσς
293 2283 467 2364 εκολσόετσ.
506 2285 546 2350 Τι’
562 2284 612 2370 δὴ,
628 2270 653 2353 ὦ
668 2279 836 2372 παρόντες,
857 2282 896 2353 τὸ
911 2281 1034 2370 θηρίον
1053 2292 1151 2354 ἐκεῖνο

70 2389 188 2462 πάθοι
203 2388 263 2475 άν,
285 2385 389 2468 οὕτως
408 2392 439 2474 ἐξ
459 2392 577 2458 ἑαυτοῦ
592 2389 720 2478 πάσχον
738 2401 858 2473 κακῶς,
881 2385 930 2469 οἷς
950 2391 1153 2476 δειλαίνεται,

71 2497 104 2569 εἰ
119 2505 174 2567 καί
197 2498 240 2568 τά
265 2495 405 2582 ὲξημῶν
426 2496 783 2588 προσεπιτεθὴσονταις
804 2487 861 2566 Ἦ
875 2496 1007 2578 πάντας
1024 2502 1152 2583 Αἴτνης

70 2617 185 2701 ἐτέρας
209 2611 363 2698 ἐγχωρίου
384 2605 542 2695 δεήσειεν,
569 2600 628 2697 ὑφ’
652 2600 749 2688 ἣντδ
773 2601 950 2699 Τυφαόνιον
976 2612 1073 2674 τοῦτο
1094 2633 1154 2676 τιε-

73 2727 182 2788 σεῐται
207 2715 321 2786 κακόν.
359 2713 439 2784 Ἀλλ’
466 2721 566 2782 ἐκεῖνο
588 2721 650 2799 μὲν
670 2707 724 2783 ότι
744 2713 905 2796 πείσεται,
932 2711 1053 2796 διδάξει
1078 2741 1153 2785 και-

75 2826 151 2917 ρὸς,
173 2829 229 2893 καὶ
248 2820 327 2908 ἡμῖν
346 2821 504 2916 άφορμάς
520 2818 614 2890 δόσει
634 2817 735 2907 λόγου
752 2823 876 2892 πολλοῦ
895 2847 929 2898 τε
946 2826 1003 2890 καὶ
1019 2825 1133 2892 καλοῦ.

62 2957 64 2972 ¹
160 2933 213 3001 11.
247 2928 328 3016 Ἐγὼ
344 2935 379 2998 δὲ
396 2930 635 3020 προσεπιπλέξοι
657 2927 783 3010 τούτοις
802 2935 857 2999 καλ
876 2928 957 2999 άλλσ
976 2928 1156 3016 θαύματος

74 3041 189 3124 άξιον,
210 3036 271 3119 τάς
289 3039 418 3127 μακράς
434 3041 516 3120 νῆας
536 3038 671 3116 ἐντείνας,
692 3029 734 3115 όίς
750 3033 839 3104 ούποι
859 3038 1024 3114 παντελῶς
1043 3042 1158 3124 πέρυσι

74 3154 132 3220 καί
150 3151 307 3235 λαμπροῖς
326 3151 522 3232 ἐσταλμένας
537 3142 554 3212 ὁ
571 3139 649 3212 καθ’
671 3143 760 3230 ἡμεῖς
777 3143 934 3231 πορθμός
952 3145 1160 3212 ἐστολίσατο.

74 3259 148 3324 Καὶ
176 3253 276 3344 αὐτός
302 3261 363 3341 μίν
390 3251 434 3332 εἰς
461 3251 609 3338 γαλήνην
632 3255 856 3338 διακεχυμένος
880 3251 1082 3338 ὑπέστρωτο·
1121 3256 1158 3320 αί
1231 3347 1233 3354 γ
1270 3278 1272 3285 ·
1319 3341 1323 3348 ¹

75 3369 114 3433 δὲ
134 3361 294 3450 πυρῥίχην
313 3353 386 3430 οἷον
406 3360 622 3448 ὲτιοιρχοῦντο,
652 3363 708 3427 καί
726 3365 769 3437 εὶς
795 3353 919 3448 ῥόθιον
942 3353 1157 3444 ἐλαυνόμεναι

76 3475 167 3560 μέγα
194 3466 343 3557 ἐξὴχσυν,
370 3473 427 3536 καὶ
451 3467 578 3559 φόβους
606 3463 794 3544 ἐκελάδουν,
825 3459 874 3544 οἷς
897 3467 933 3534 ἓν
952 3466 1056 3563 καιρῷ
1077 3464 1156 3544 τούς

75 3578 252 3665 πολεμίους
271 3571 544 3666 άναχοιρεύσουσι.
584 3571 750 3661 Μετρὴσα
766 3577 822 3642 καὶ
838 3570 1027 3657 τό-πλῆθος
1042 3561 1159 3653 αύταῖς

77 3686 123 3764 άς
144 3680 337 3768 άμόθητσν,
365 3692 399 3751 ἐν
419 3687 637 3767 ἱππαγωγοῖς,
666 3683 703 3748 ἐν
722 3677 901 3770 δράμασιν,
925 3685 961 3748 ἐν
980 3679 1158 3770 τριήρεσιν,

76 3795 115 3862 ἐν
132 3787 245 3869 ε’ίλλσίς
263 3793 444 3874 ναυπηγίας
460 3791 567 3859 εἴδεσι.
607 3792 676 3856 Καὶ
694 3789 787 3858 ἔσται
802 3797 862 3875 μὲν
877 3788 989 3867 αὐτοῖς
1006 3794 1060 3858 καὶ
1079 3791 1159 3858 ταύ-

78 3923 126 3969 τα
147 3901 183 3966 ἐν
199 3895 363 3984 θαύματι.
399 3891 440 3964 ‘0
456 3899 491 3964 δὲ
508 3896 621 3984 καιρός
638 3901 692 3966 καὶ
712 3893 756 3976 είς
776 3901 872 3966 πλέον
890 3899 1029 3976 ἐκείνους
1045 3891 1162 3980 ἐκπλή-

84 4008 133 4090 ξει
154 4001 351 4094 μαθόντας,
385 3997 429 4084 ὥς
455 4007 539 4091 χθὲς
562 4015 624 4093 μὲν
648 4003 709 4086 τάς
734 3995 911 4094 πολεμικάς
933 4007 1017 4094 νῆας
1041 4004 1178 4086 εἰιείναςΙ
