2824 4770
265 377 307 433 x.
644 375 952 438 nnonncoutnna.

263 527 504 608 'Gonnoi-cuiun,
525 520 620 604 πόλις
639 529 863 610 Μακεδονίας,
888 519 961 614 ἤνις
981 521 1049 614 ἄρα
1069 521 1212 604 ἐκαλεῖτο
1230 519 1343 608 Ἀλία,

266 634 491 722 Κασσάνδρου
509 637 649 720 κτίσμα·
679 631 700 718 ἢ
721 627 773 702 ὅτι
798 638 961 726 Φίλιππος
982 634 1041 700 τοῦ
1058 629 1232 716 Ἀμύνταν,
1254 631 1348 698 ἐκεῖ

268 751 453 824 Θετταλοὺς
472 741 623 830 νικήσας,
650 740 793 812 ἐκάλεσε.
834 742 952 822 Vides,
982 739 1150 826 quaesitum
1175 737 1345 804 eGraacis

266 854 445 940 quibusdam
466 850 576 932 inisse,
605 851 665 926 utri
693 871 799 916 nomeu
826 846 911 913 urbis
939 865 1050 916 navum
1075 842 1238 921 debeatur,
1266 842 1345 920 lihi-

265 961 366 1046 lippo,
397 981 436 1024 an
462 957 637 1028 Cassandro,
663 955 730 1039 ejus
754 975 883 1038 genero,
916 947 1158 1028 Macedonibus?
1200 947 1344 1012 Getarum

266 1064 453 1151 Stephanus,
483 1062 532 1130 rel
561 1059 613 1146 qni
639 1083 716 1146 opus
741 1059 896 1143 ejurante
916 1069 1048 1129 nostrum
1068 1050 1345 1138 tempnslocuple·

265 1169 344 1234 tavit
363 1167 548 1244 mutavitve,
569 1165 651 1234 litem
670 1186 730 1227 non
751 1161 874 1242 dirimit,
894 1160 950 1225 sed
969 1156 1235 1246 parter·adrerses
1250 1156 1345 1240 juxta

266 1271 360 1362 ponit,
405 1270 551 1358 Stephani
572 1287 646 1334 vero
665 1268 763 1342 locum
784 1265 953 1350 quicunque
972 1261 1144 1344 diligentius
1163 1260 1345 1348 inspexerit,

267 1401 315 1444 me
336 1401 395 1447 non
416 1389 555 1447 monente
573 1373 718 1458 originem
738 1370 829 1439 tcdus
849 1366 1006 1447 commenti
1022 1367 1061 1432 de
1076 1364 1226 1453 Philippo,
1241 1365 1346 1434 Thes·
1405 1419 1406 1444 ,

266 1481 464 1552 salonicensis
484 1478 612 1551 nominis
631 1478 799 1553 inventore,
818 1487 927 1560 sponte
942 1471 1157 1560 deprehendet,
1196 1471 1274 1537 Urbs
1293 1471 1345 1539 di-

268 1585 392 1651 cebatur
424 1583 657 1658 Thessalonica.
709 1582 875 1659 Quamnam
902 1599 1014 1662 quaeso
1043 1577 1082 1641 ob
1101 1577 1254 1648 ¹causam?
1293 1576 1345 1640 0lr

267 1691 433 1754 Thessalos
453 1687 600 1754 devictos.
642 1677 704 1752 Sed
723 1683 775 1750 uhi
796 1684 967 1758 terrarum?
994 1683 1049 1748 lli
1064 1667 1213 1750 locorum.
1249 1681 1346 1760 lulia-

267 1817 324 1860 nus
346 1793 404 1857 hoc
422 1793 585 1878 imperator
607 1790 738 1855 nondum
758 1811 849 1864 ausus
869 1802 934 1853 erat
946 1809 1009 1874 ‘pru
1028 1802 1108 1853 certo
1128 1785 1260 1868 habere,
1292 1789 1347 1854 rel

268 1898 345 1962 aden
373 1895 495 1982 publice
521 1896 683 1972 affirmare,
733 1891 839 1966 Verba
864 1891 937 1958 lacit
959 1892 998 1957 de
1013 1891 1176 1966 ,Thessalis
1196 1890 1345 1973 devictis,

268 2015 360 2084 atque
380 2001 450 2065 inde
470 1999 554 2065 urbis
574 2023 682 2072 nomeu
702 2020 839 2068 manasse
860 1996 1106 2082 suspicatur,
1135 1996 1268 2086 Philippi
1287 2022 1345 2063 no·

206 2134 211 2142 a
268 2107 349 2171 mine
369 2129 428 2172 non
449 2104 563 2178 addito.
605 2104 705 2169 Aliter
725 2101 898 2188 posterioris
919 2102 990 2177 aevi
1010 2101 1146 2168 homines
1166 2103 1263 2183 docti,
1292 2100 1347 2188 qui

268 2211 490 2299 opinationibus
516 2210 580 2274 suis
606 2204 704 2274 locum
732 2221 762 2280 et
788 2215 904 2291 tempus
929 2207 1114 2280 commodum
1137 2207 1346 2291 assignautes,

267 2315 423 2380 veritatem
444 2315 567 2400 insuper
587 2313 766 2378 habuerunt.
819 2313 957 2390 Quonam
977 2311 1056 2384 enim
1077 2313 1276 2380 Macedoniae
1296 2313 1346 2378 lo·

267 2443 304 2483 co
329 2419 494 2483 Thessalos
523 2417 688 2482 debellavit
715 2414 898 2503 Philippus?
933 2421 1010 2490 Num
1038 2418 1078 2482 ad
1100 2417 1263 2484 Thermum
1290 2441 1344 2482 ur·

267 2521 360 2587 bem?
390 2519 484 2587 'l'acet
504 2521 642 2590 historia.
687 2519 830 2587 Thessali
850 2541 869 2582 a
888 2521 1027 2607 Philippo
1047 2523 1079 2589 io
1099 2523 1263 2588 Thuraria
1282 2547 1345 2588 non

221 2620 224 2624 ¹
267 2625 361 2689 semel
379 2640 493 2689 tautum
513 2625 586 2695 victi
604 2637 683 2703 suut,
704 2623 736 2689 iu
754 2623 935 2694 Macedonia
952 2649 1113 2712 nunquam.
1155 2626 1218 2691 Sed
1231 2649 1347 2713 operae

267 2726 396 2816 pretium
415 2729 553 2810 ¹videtur,
576 2729 660 2792 vocis
678 2728 766 2798 istius
785 2734 796 2796 l
806 2731 871 2796 ἐκεῖ
876 2731 910 2812 ),
939 2730 1029 2794 immo
1050 2730 1277 2818 depravationis
1295 2731 1347 2795 hi-

269 2832 396 2897 storicae
422 2831 553 2915 vestigia
573 2833 652 2918 apud
673 2835 858 2918 sequentium
878 2835 1045 2901 seculorum
1065 2836 1226 2924 scriptores
1246 2855 1347 2904 secta-

268 2937 307 3002 ri.
356 2937 570 3004 Constantinus
598 2938 876 3026 Porphyrogenitus
905 2938 1068 3026 imperator
1096 2943 1136 3005 dc
1163 2941 1348 3008 thematibus

269 3039 336 3106 sive
362 3040 526 3128 provinciis
552 3040 670 3126 imperii
683 3045 875 3111 Graecorum
897 3047 951 3126 (2,
972 3045 1045 3127 lh),
1073 3045 1125 3131 qui
1144 3047 1222 3113 liber
1243 3051 1347 3116 seculo

269 3147 304 3210 X
324 3147 451 3232 scriptus
471 3161 533 3211 est:
570 3146 655 3236 ’Ἔχει
684 3152 718 3216 δὲ
744 3145 928 3235 ὀνομασίαν
955 3150 1018 3219 ὑπὸ
1049 3150 1201 3235 τοιαύτης
1226 3151 1349 3233 αἰτίας.

274 3254 454 3333 Φίλιππος,
484 3250 697 3340 ὁἈμύντου,
729 3260 914 3336 Θεσσαλοὺς
935 3263 1020 3326 ἐκεῖ
1037 3260 1187 3348 νικήσας,
1216 3265 1257 3356 τῇ
1278 3269 1347 3334 θυ-

214 3437 215 3440 Ὶ
267 3356 364 3438 γατρὶ
385 3357 440 3420 καὶ
461 3355 500 3446 τῇ
520 3353 610 3422 πόλει
631 3353 811 3444 ὁμωνύμως
832 3355 869 3426 rd
891 3357 997 3448 ὄνομα
1018 3362 1128 3429 ἔθετο.

347 3459 494 3544 Explosis
514 3464 646 3528 secunda
665 3466 809 3551 tertiaque
827 3471 958 3534 Taetzae
976 3468 1209 3550 narrationibus,
1229 3469 1269 3534 de
1285 3470 1349 3556 pri-

268 3577 317 3626 tna
345 3560 474 3645 denique
500 3564 663 3636 videndum
690 3569 763 3652 erit,
796 3593 874 3655 qnae
899 3573 1119 3660 Cassandrum,
1152 3573 1286 3660 Philippi
1314 3574 1347 3640 in

268 3669 488 3736 Thessalonica
515 3672 579 3738 filia
606 3697 765 3758 generum,
792 3675 868 3740 ¹novi
888 3677 1016 3743 nominis
1036 3676 1223 3744 inventorem
1245 3679 1347 3744 urbis-

268 3798 326 3858 que
346 3774 573 3840 instauratorem
592 3778 689 3842 fuisse
705 3777 805 3844 tradit.
848 3783 923 3845 Earn
941 3781 1104 3848 chiliadum
1122 3797 1225 3846 auctor
1242 3803 1349 3868 aperte

268 3895 302 3947 ut
320 3903 422 3946 veram
440 3882 583 3968 adoptat;
605 3905 662 3948 nec
681 3896 780 3946 tamen
801 3885 925 3949 multum
944 3884 976 3951 id
994 3886 1136 3950 momenti
1154 3885 1293 3970 haberet,
1316 3890 1349 3954 ni

269 3983 438 4054 alii-*testes
464 3985 651 4054 accederent.
699 3988 799 4054 Taceo
826 3986 866 4054 de
893 3991 1034 4074 Zonara,
1069 3991 1223 4078 ejusdem,
1259 3995 1347 4080 cujus
