2854 4770
82 335 157 428 τι]
304 354 558 412 num-rmus
584 359 986 416 τωτεειιιοιιιοειιειτ.
1089 345 1175 424 305}

86 503 227 602 ρατικός
245 503 391 598 θεσμός,
420 509 486 578 τῶν
504 507 613 578 ἄλλων
631 513 688 578 καὶ
708 510 893 597 μάλλον,’
871 543 893 601 η
912 512 1020 586 ὅτιτὸ
1043 519 1166 622 έπιφῶ·

84 647 183 708 νημαι
199 615 336 704 λόγος’
320 620 409 686 εστίν
427 619 480 686 ἐπὶ
498 619 546 704 τῷ
565 616 734 707 πράγματι
759 620 881 702 ἔξωθεν
901 623 981 714 παρ’
1001 621 1092 714 ημῶν
1113 634 1167 698 λε-

85 729 245 818 γόμενος,
275 729 332 794 καί
359 725 380 808 ἡ
403 728 553 812 περίοδος
575 725 748 807 πολλοῖς
733 731 906 800 οποπίπτει
927 728 988 802 καί
1010 741 1169 820 ποικίλοις

83 844 159 916 τοῖς
181 832 344 924 σχήμασι,
379 830 473 902 καὶ
461 827 513 903 ότι
541 835 606 904 τῶν
634 838 894 926 ἐπιχειρημάτων
921 845 963 918 τά
990 850 1050 931 μέν
1073 851 1165 918 ἐστιν

84 939 317 1026 ἀποδεικτικαὶ,
349 945 469 1026 πολλῆς
494 947 661 1032 ἑρμηνείας
687 943 840 1032 δεόμενα,
872 945 944 1031 ἤτοι
967 953 1171 1036 έναγωνίοιιῑ
1209 976 1211 983 ’

81 1055 129 1122 τά
157 1058 192 1122 δέ
217 1054 443 1142 πανηγυρικιί·
474 1057 531 1122 καί
549 1052 671 1136 τάλλα,
694 1049 802 1124 ὁπόσα
826 1056 884 1141 τῆς
904 1059 964 1146 σιῐς
989 1061 1166 1152 ῥητορικῆς

81 1163 296 1255 σοφίσματος
321 1165 377 1228 καί
407 1159 698 1247 τεχνάσματος-
721 1161 902 1249 θαυμάζω,
944 1159 1032 1248 όπως
1061 1193 1097 1238 σε
1121 1174 1161 1242 τό
1266 1222 1271 1240 .
1328 1229 1331 1236 .

80 1271 277 1354 τηλικοῦτον
289 1273 343 1337 καί
358 1267 623 1355 ἀναγκαιότατον
636 1277 776 1359 πρᾶγμα
792 1275 957 1342 διέλαθεν.
986 1275 1067 1344 Ἀλλ’
1082 1277 1166 1348 ὑπό-

82 1385 189 1450 θεσιν
207 1385 270 1467 μέν
290 1375 554 1462 κατασκευάζων,
580 1375 764 1465 οἰκονομεῖν
785 1378 963 1469 τὸνλόγον
984 1390 1163 1475 ἐπίστασαι,

79 1485 342 1578 περιλαμβάνων
354 1486 512 1566 πολλάκις
528 1489 564 1554 ἐν
578 1493 618 1581 τῇ
633 1485 778 1573 διηγήσει
797 1485 835 1556 τὸ
854 1492 1084 1581 παρεληλυθὸς
1103 1500 1164 1568 τοῦ

81 1600 219 1687 καιροῦ,
244 1601 300 1665 καὶ
318 1592 518 1688 ἀποπληρῶν
538 1591 749 1674 ένδιασκεύως
771 1592 808 1666 τό
828 1592 898 1666 ἀνω
916 1603 1032 1689 μέρος,
1059 1599 1103 1684 ῶς
1124 1601 1164 1676 ού

81 1710 212 1796 μέλλων
230 1705 409 1794 ἐνοχλήσειν
430 1712 499 1788 τοῖς
516 1691 702 1784 αὐτοῖς’διά
722 1701 783 1791 τὴν
802 1711 866 1774 τῶν
885 1705 1074 1793 μελλόντων,
1089 1717 1164 1784 δια·

19 1809 21 1812 ’
81 1809 248 1882 τύπωσιν·
276 1807 402 1882 ἁπλοῦν
421 1816 457 1882 δέ
475 1841 505 1882 τι
520 1820 660 1901 πρᾶγμα
679 1816 921 1899 διατιθέμενος,
942 1816 987 1903 μὴ
1009 1816 1170 1906 δεόμενον.

78 1924 210 1992 πολλῶν
223 1917 443 2010 περιστάσεων
458 1925 785 2010 μηδέποικιλωτέρας
803 1925 1013 2007 κατασκευῆς,
1026 1921 1085 1996 ούιι
1101 1921 1165 1998 οἷδ’.
1216 1938 1219 1947 '

81 2024 172 2110 ὅπως
188 2029 249 2117 τίγν
269 2031 404 2118 ἀρίστην
421 2031 624 2119 ὑπερβαίνοι
645 2027 850 2113 οἰκονομίαν,
873 2029 981 2121 ῶσπερ
1000 2031 1038 2102 τὸ
1057 2040 1161 2106 λεκτι-

79 2137 143 2210 κὸν
160 2135 265 2226 μόνον
281 2143 380 2227 μέρος
400 2141 457 2227 τῆς
474 2147 582 2228 τέχνης
598 2134 907 2227 διοικριβωσάμενος,
927 2135 984 2210 τόν
1002 2147 1036 2210 δέ
1051 2171 1162 2232 πραγ-

77 2247 223 2336 ματικόν
239 2247 342 2318 τύπον
356 2241 530 2334 ηγνοηκῶς.
568 2243 649 2332 Ἕγῶ
668 2251 703 2314 δέ
720 2268 774 2316 ’σοι
793 2246 831 2315 τὸ
850 2251 904 2318 καί
921 2253 994 2336 περὶ
1012 2250 1089 2331 τούς
1103 2250 1160 2322 λό-

78 2381 162 2442 γους
183 2355 427 2448 σοφίζεσθαι’
406 2385 482 2446 αχρι
500 2361 558 2444 τῆς
576 2355 803 2460 ἀρχιερατικῆς
819 2359 935 2440 δίδωμι
948 2359 1159 2444 τελειότητος·

77 2491 166 2553 μετα
156 2468 221 2533 δέ
240 2467 346 2534 ταῦτα
366 2457 442 2534 ούδέ
443 2470 608 2562 τεχνίτην
625 2489 660 2536 σε
679 2489 736 2532 του
722 2461 857 2550 λόγου
876 2489 1065 2595 προσίεμαι,
1086 2466 1157 2538 οὐδ’

79 2583 109 2644 ελ
133 2575 240 2644 πολλά
268 2574 424 2771 κάμνοιςμ
434 2576 596 2666 ἐπιχειρῶν
620 2569 850 2660 τεχνικώτατα.
897 2573 1061 2644 αι(λσον
1021 2605 1087 2667 γαρ
1113 2605 1160 2660 εις

79 2795 293 2922 φιλοσοφίας.
331 2788 427 2862 Ἀλλά
444 2791 488 2864 σύ
505 2821 565 2882 μοι
581 2798 684 2872 δοκεῖς
697 2791 742 2880 μή
759 2787 941 2882 ἀναχωρεῖν
954 2795 1079 2862 ἐθέλειν
1095 2802 1160 2867 τῶν

79 2900 229 2990 ἀρχαίων
246 2901 358 2986 ἠθῶν·
389 2909 443 2971 καλ
463 2902 522 2973 ούκ
544 2902 587 2972 ἀν
608 2905 744 2989 εἴποιμι,
769 2895 822 2970 ίίτι
838 2899 922 2988 πρός
942 2904 1061 2990 Κρητα
1078 2931 1158 2992 κρη·

80 3012 180 3092 τίζεις
199 3013 311 3086 (τοῦτο
335 3008 376 3095 δὴ
397 3008 435 3082 τό
457 3019 516 3099 τῆς
536 3016 744 3100 παροιμίας)·
782 3008 875 3096 Κρὴς
895 3009 960 3098 γάρ
983 3005 1051 3080 ούτ
1077 3010 1159 3103 εἰμί,

81 3115 144 3187 σύτ
146 3109 353 3188 ’ἐκεῖθεν
323 3145 406 3188 ειυαι
428 3118 638 3205 βεβούλημαι.
680 3121 774 3205 Πρός
794 3120 829 3184 δέ
850 3113 1075 3210 φιλόσοφον
1052 3145 1159 3206 ρητσ-
1263 3171 1267 3178 -

81 3223 200 3313 ριύεις,
223 3222 332 3296 εἰδότα
347 3234 408 3312 μέν
424 3231 481 3294 καὶ
496 3226 558 3307 τὴν
578 3224 640 3314 σὴν
654 3229 785 3314 τέχνην,
808 3229 1005 3317 φιλοσοφεῖν
1021 3230 1056 3296 δέ
1070 3232 1159 3314 μῶλ-

81 3331 185 3404 λον’
162 3365 184 3424 η
208 3333 416 3428 σοφιστεύειν
439 3337 611 3402 ἐθέλοντα.
651 3327 762 3402 Καλ”
746 3358 800 3399 ινα
821 3353 876 3398 σοι
893 3329 1001 3418 βραχύ
1021 3360 1053 3402 τι
1046 3335 1159 3434 πρός

79 3441 143 3529 τὴν
155 3443 331 3532 δπιστολην
342 3443 583 3532 διαλέξομαι,
567 3467 602 3508 εν
615 3430 636 3534 ᾗ
651 3440 689 3511 τό
703 3441 770 3508 πάν
784 3411 1091 3529 ἀποπεπληρῶσθαί
1104 3466 1159 3512 σοι
1244 3521 1247 3527 ,

81 3554 144 3621 τού
164 3551 249 3642 πρός
266 3547 355 3639 ἡμᾶς
371 3555 487 3640 χρέους
505 3545 636 3652 ᾠήθης,
664 3545 723 3618 ούκ
742 3549 826 3631 ἔστι,
853 3546 1036 3632 λσγιωτάτη
1057 3550 1158 3640 ψυχὴ,

77 3663 197 3750 χρέους
214 3657 414 3746 έκπληρωσις
434 3657 471 3728 τὸ
491 3630 602 3744 λόγοίς
616 3663 676 3743 μέν
696 3661 916 3729 κατατιθέναι
934 3656 993 3735 τάς
1006 3655 1157 3745 χάριτας,

78 3771 189 3860 ἔργοις
209 3773 243 3839 δδ
258 3773 362 3854 μηδὲν
375 3770 440 3834 τῶν
458 3769 750 3853 διωμολογημένων
766 3763 904 3856 διδόναι.
942 3760 1069 3848 Ἀπάτη
1089 3771 1157 3854 γάρ

79 3879 198 3948 τούτο·
238 3882 293 3946 καὶ
320 3870 360 3962 ού
390 3876 502 3968 φιλίας
531 3872 695 3956 σύνδισις,
721 3874 796 3952 ἀλλ’
823 3870 1001 3960 ἀναίρεσις.
1042 3873 1159 3952 Ὁπότε
1248 3939 1250 3944 ,

80 3987 164 4074 γοῦν
182 3982 226 4056 σύ
244 3991 304 4058 τοῦ
322 3985 500 4075 ῥητορικοῦ
520 3981 904 4076 προοκάθηοοθρόνοιι,
932 3979 963 4053 εἰ
979 3983 1158 4074 έπηγγιέλωί
