2834 4772
252 382 329 457 428
582 401 585 408 '
672 401 891 454 Αεεεαοιεε,
1235 372 1337 494 [μεν.

256 554 451 642 ἁπανταχοῦ
477 558 586 634 λαοῖς,
616 547 666 630 οἷς
690 553 776 620 θεοῦ
803 550 998 637 ἐγνιίρισται
1027 549 1184 637 δύναμις·
1216 546 1253 618 οἳ
1280 556 1337 636 τὴς

253 665 314 733 τοῦ
343 661 454 749 μόννα
479 660 611 730 τούτου
625 663 749 746 βροχὴς
775 653 848 726 ίίλοι
868 656 1039 743 γεγόνασι,
1071 664 1129 726 ιιαλ
1150 653 1337 745 δραμόντες

253 770 351 848 ἄλλος
379 769 526 839 όίλλοθεν
547 771 642 857 ἔργον
664 770 783 836 ἔθεντο
805 765 867 849 τὴν
887 764 1006 834 τούτου
1027 764 1249 854 συναγωγὴν,
1284 767 1337 834 καί

254 885 456 960 διαδοθῆναι
477 878 514 948 τό
536 878 637 946 καλὸν
657 872 928 965 ἐπρεσβεύσαντο.
976 870 1176 942 Κοίντεῦθεν
1205 869 1248 943 οὔ
1274 870 1336 962 μό-

252 1015 312 1066 νον
333 985 374 1065 ὡς
393 991 437 1065 εἴς
459 1012 532 1054 τινα
554 986 702 1070 στάμνον
724 989 777 1054 καί
798 979 953 1070 κιβωτόν,
982 982 1043 1064 τὴν
1063 985 1182 1052 ἑαυτοῦ
1203 982 1335 1078 ψυχὴν,

253 1101 390 1174 ἕκαστος
409 1092 488 1162 αὐτὸ
504 1097 719 1175 ἐναπέθεντο,
741 1089 826 1160 ἀλλὰ
846 1095 901 1159 καὶ
920 1087 1024 1168 ἄλλως
1038 1088 1082 1169 εἰς
1094 1089 1336 1178 μνημοσείνους

175 1217 181 1238 ’
253 1209 388 1292 βίβλους
415 1207 619 1294 ἐνέγραψαν·
660 1209 714 1268 ἴνα
743 1199 787 1325 ριὴ
816 1198 919 1286 μόνον
944 1200 1159 1286 Σολομῶν
1143 1204 1198 1268 επι
1227 1199 1336 1290 σοφίᾳ

256 1310 485 1436 πρεσβεόοιτο,
517 1308 601 1379 ἀλλὰ
623 1316 678 1378 καὶ
699 1307 717 1377 ὁ
739 1305 894 1397 ἡμέτερος
914 1306 1083 1395 βασιλεύς·
1116 1313 1173 1376 ιιοιὶ
1196 1303 1338 1376 οἱκατὰ

156 1452 167 1460 ·
252 1422 318 1488 τῶν
350 1420 431 1504 πρὸς
460 1422 624 1548 αἴρθησιν
663 1420 794 1504 ἐχθρῶν
827 1411 909 1542 παρ’
939 1416 1042 1484 αὐτοῦ
1075 1413 1336 1504 κραταιοόμενοι

197 1567 204 1581 ›
256 1527 384 1618 ἔχοιμεν
406 1523 451 1596 δι
473 1525 575 1596 αὐτοῦ
596 1532 650 1594 καί
671 1524 758 1594 κατὰ
778 1532 842 1592 τῶν
863 1520 1019 1612 ἀσάρκων
1038 1520 1273 1616 ἀνδρίζεσθαι.

338 1637 390 1705 33.
431 1640 499 1706 Καὶ
528 1643 665 1704 τοιαῦτα
692 1639 753 1718 μέν
779 1663 849 1719 μοι,
869 1637 909 1703 τιί
942 1633 1014 1704 τότε
1040 1639 1098 1702 καὶ
1126 1629 1215 1700 ἄλλα
1240 1623 1336 1719 οἶμαι

254 1744 338 1832 πρὸς
364 1743 635 1836 γλαφυρότατον,
666 1739 723 1810 ἵνα
750 1743 795 1830 μὴ
825 1741 929 1811 ταυτολ
955 1746 1010 1809 καί
1030 1743 1091 1808 νῦν
1110 1742 1337 1820 ἀναπλοῢντες

251 1853 315 1936 ,τὴν
337 1854 414 1941 παρ’
433 1854 577 1940 Ἡσιόδῳ
598 1853 792 1939 ἐπισπορίαν
813 1850 919 1938 ὥσπερ
940 1852 1235 1936 ἐπεγεληθείημεν.
1264 1853 1335 1920 Νῦν

249 1967 289 2060 ’δὲ
312 1965 369 2030 τὸν
390 1961 627 2050 κατηχητὴριον
648 1963 769 2028 ἐκεῖνον
789 1957 851 2044 ἐγὼ
871 1963 927 2026 καί
946 1953 989 2036 ὡς
1009 1955 1053 2037 είς
1074 1961 1205 2051 τρυφῆς
1227 1955 1336 2049 παρτί-

205 2079 207 2084 ’
252 2076 366 2138 δεισον
385 2077 538 2157 τίθεμαι,
551 2075 594 2138 ·ε’ν
616 2061 641 2156 ᾧ
664 2073 813 2136 τέθειται
833 2075 895 2153 μὲν
912 2071 968 2134 καὶ
987 2071 1024 2134 τὸ
1042 2063 1095 2135 ἐπ’
1113 2067 1239 2155 ἀρετὴν
1257 2093 1334 2155 προ-

254 2187 374 2267 τρέπον
402 2179 562 2264 ἀνδρῶδες
590 2186 645 2249 καὶ
673 2175 869 2264 πρακτικὸν,
903 2171 947 2244 δι’
970 2166 1008 2244 οὗ
1034 2173 1080 2254 εἰς
1106 2175 1167 2248 τόν
1189 2172 1259 2264 πρό
1283 2185 1337 2263 τῆς

255 2287 420 2375 ἁμαρτίας
441 2291 515 2373 βίον
536 2281 785 2373 σἰνοιδρόμοιμεν
806 2283 848 2354 δν
870 2280 1156 2371 τόνἈδαμιαῑον,
1195 2285 1258 2356 τὸν
1280 2291 1335 2371 τῆς

254 2394 383 2482 πρώτης
404 2393 568 2473 πλάσεως·
597 2401 748 2462 τέθειται
769 2398 878 2462 δὲκαὶ
899 2392 980 2462 ὅσον
1002 2401 1034 2460 ἐν
1055 2394 1171 2480 εὐζωΐςι
1193 2398 1335 2486 φιλοσο-

258 2531 325 2594 (μου
348 2506 509 2588 θεωρίας·
540 2501 647 2585 ζωὴ”
625 2530 776 2594 αντιιιρυς
796 2508 851 2571 καί
872 2502 981 2589 μὴτηρ
1003 2511 1072 2628 τρῖς
1093 2508 1127 2572 ἐν
1150 2509 1225 2598 θεῷ
1246 2508 1337 2588 ζῶσι,

256 2665 330 2782 οὐδί
317 2707 505 2801 ὲσίιριγμός
527 2745 571 2795 τις
593 2717 744 2807 όλεθρ.ον
771 2719 854 2788 Ἀλλ’
877 2717 920 2798 είς
942 2745 980 2788 εν
1005 2714 1122 2804 ἥκουσι
1143 2723 1267 2810 πρᾶξις
1286 2726 1336 2790 καί

254 2826 392 2908 θεωρία,
414 2825 501 2908 [καί]
523 2825 719 2912 δυαζόμεναι
743 2831 828 2895 nard
854 2831 913 2896 τοῦ
934 2824 1126 2910 ἀπατεῶνες
1148 2835 1338 2916 συμπνέον-

254 2954 302 3009 σι,
335 2937 389 2998 καὶ
422 2929 532 3020 πόρ’ῥω
560 2937 619 3002 τοῦ
651 2938 852 3028 παραδείσου
877 2936 1039 3023 βάλλουσι
1067 2938 1126 3006 τόν
1149 2939 1336 3024 ἐπίβουλον.

250 3038 448 3107 Κάντευθεν
471 3047 525 3108 καὶ
549 3043 568 3126 ἡ
595 3045 736 3135 φλογίνη
761 3047 913 3135 ῥομφαία
942 3045 1015 3113 κατ’
1038 3048 1179 3126 ἐκείνους
1203 3044 1334 3116 ἇιιονᾶ-

251 3176 308 3218 ται
333 3148 572 3220 στιλπνότατον
606 3157 659 3220 καὶ
691 3157 853 3244 φλογερὸν
882 3158 936 3222 καὶ
963 3153 1164 3241 ἀπρόσιτον·
1194 3155 1277 3242 ἡμῖν
1299 3159 1333 3224 δέ

250 3253 293 3334 είς
320 3257 515 3344 εὐπρόσιτον
543 3263 720 3351 στρέφεται
745 3261 803 3344 τὴν
825 3270 858 3329 ὲν
880 3262 988 3346 λόγοις
1009 3261 1186 3351 βασιλειιὴν
1212 3268 1334 3345 ἐκείνην

248 3369 460 3436 πανδαισίαν.
509 3366 592 3452 Ἐμοί
613 3373 667 3436 καί
687 3371 778 3454 ἡλίου
801 3369 965 3455 τράπεζαν
985 3377 1123 3460 θεωρῶ,
1154 3369 1231 3460 οὐχ’
1258 3369 1335 3440 οίιττ

247 3474 267 3561 ἡ
292 3479 348 3561 τῆς
376 3477 522 3563 ἱστορίας
548 3474 738 3567 ὀψαρτυσία
766 3485 1014 3565 παρατίθησιν,
1045 3475 1139 3566 ἡλίου
1165 3485 1228 3566 μὲν
1252 3483 1335 3548 ἐπω-

248 3588 476 3670 νομασμένην,
504 3593 704 3670 σεσαγμέυηυ
727 3591 761 3653 δὲ
782 3585 937 3674 βρώμασι
958 3594 1027 3666 τοῖς
1047 3586 1130 3676 πρὸς
1152 3593 1334 3670 αἴσθησιν·

248 3690 334 3758 ἀλλὰ
369 3691 546 3780 τράπεζαν,
586 3691 626 3775 ἡν
655 3696 810 3780 βασιλεὺς
841 3695 933 3782 ἥλιος
961 3691 979 3764 ὁ
1006 3691 1164 3785 ἡμέτερος
1192 3703 1263 3777 τοῖς
1291 3723 1332 3764 τε

245 3800 448 3886 πνευματικὰ
474 3811 678 3888 σιτουμένοις
698 3811 922 3892 προτέθειιιεν.
965 3807 1107 3892 Εἴδαμεν
1127 3801 1223 3894 ἡμεῖς
1244 3831 1333 3888 τηνι-

244 3907 351 3974 καῦτα
378 3912 433 3976 καί
461 3906 663 3998 ἠκούσαμεν,
694 3912 778 3999 ἅπερ
800 3917 832 3982 οἱ
850 3911 915 3999 πρὸ
933 3913 1028 4002 ἡμῶν
1047 3923 1082 3982 λν
1102 3917 1217 4006 ἐφέσει
1237 3917 1335 4002 στρέ-

243 4023 363 4107 φοντες
393 4015 656 4106 σἰπεληλόθασιν.
693 4017 948 4113 -Ἐβασίλευσεν,
975 4016 1083 4111 ὥσπερ
1109 4023 1128 4094 δ
1158 4017 1331 4112 οιότοιιρό·

1311 2391 1319 2410 ’
