2846 4770
452 362 756 422 snoseoomeua.
984 365 1140 436 oxxptx

85 517 136 598 (sle
151 513 281 594 videtur)
299 513 535 600 oppugnationis·
548 513 608 596 lle,
629 524 662 579 ut
679 500 774 600 prime
788 512 877 596 visio,
897 515 1042 582 eooldisse
1056 531 1141 604 puto.

83 622 222 688 Viderunt
241 619 362 704 quidam
383 619 548 704 Martyrem
569 633 657 684 extra
677 617 793 685 moenia
813 633 992 702 currentem,
1024 636 1055 686 et
1072 539 1188 706 sou-l

77 725 177 790 tileros
196 719 342 808 quonlam
362 723 536 809 peregrinos
555 720 762 810 robustosque,
783 725 924 811 atlspeotu
937 725 1066 811 fulgido,
1087 727 1144 790 atl-

81 829 250 906 duosotem,
272 840 305 890 ut
321 848 364 891 so.
382 827 558 912 quibusdam
577 851 726 894 murorum
742 829 816 892 loois
832 827 1029 910 adsisterent,
1049 851 1144 893 exou-

81 933 197 1017 biasque
218 945 342 1015 agerent
362 935 452 1012 (ΛΑ.
473 935 530 998 SS.
552 933 572 997 l.
596 955 623 997 o.
645 955 711 1019 oap.
733 931 834 1011 188.).
874 937 952 998 Nom
973 933 1031 998 ltoo
1050 933 1145 1000 inter·

81 1037 127 1102 clio
148 1039 258 1101 laetum
278 1036 328 1116 eit,
350 1057 388 1100 an
409 1037 469 1101 alia
489 1037 549 1102 ‹liei
568 1053 663 1126 parte,
685 1027 763 1101 Aeta
778 1038 812 1101 S.
828 1036 971 1103 Demetrii
991 1060 1072 1102 more
1090 1061 1146 1104 suo

83 1155 184 1207 tacent.
228 1142 347 1225 ugone
364 1141 496 1206 diluculo
509 1143 722 1228 orepusoulove
739 1140 878 1226 cogitem,
902 1155 1034 1229 tempore
1052 1141 1147 1208 risio·
1160 1161 1178 1204 ·.

71 1245 162 1310 'uibus
188 1260 365 1332 opportuno.
406 1246 545 1322 Ceterum
567 1247 720 1331 utriusque
739 1245 847 1310 ostenti
867 1245 965 1326 lama,
996 1245 1056 1310 late
1075 1267 1147 1310 mox

78 1373 207 1436 serpens,
230 1349 345 1414 animos
357 1348 677 1416 Thessalonicensibus
692 1364 849 1434 utcumque
864 1349 1009 1430 reddidit3
1031 1363 1146 1415 noctem
1167 1355 1171 1374 ¹

77 1469 170 1520 tamen
188 1455 305 1520 duxere
321 1464 330 1518 l
340 1454 503 1521 insomnes.
525 1455 583 1520 Die
596 1455 683 1520 tertia
699 1453 892 1520 illucescente
907 1452 1052 1535 Solariui,
1068 1469 1148 1520 terre
1157 1432 1203 1498 ⁶²

78 1561 208 1646 marique
228 1559 380 1624 civitatem
399 1557 479 1624 omni
499 1581 646 1624 armorum
667 1581 778 1644 genere
797 1557 912 1639 adorti,
940 1557 971 1622 in
991 1560 1150 1645 portellam

77 1679 393 1750 supramemoratam,
424 1683 484 1748 qua
502 1664 582 1728 viam
603 1663 661 1728 sibi
679 1663 711 1728 in
731 1662 835 1728 urbem
856 1661 1022 1748 aperirent,
1050 1661 1150 1747 ignem
1205 1661 1213 1686 ⁹

76 1771 264 1854 conjecerunt
280 1773 445 1854 (Excerpta
462 1767 596 1832 Gemelli
610 1767 689 1856 Byei
702 1789 731 1852 p.
748 1769 818 1832 177.
839 1782 901 1834 not.
918 1765 970 1848 i.).
1001 1766 1151 1831 Portellae

75 1871 199 1938 interior
217 1873 342 1937 materia
361 1871 462 1956 lignea
481 1871 662 1938 comburitur
668 1897 678 1954 ς
699 1875 863 1938 ferrearum
885 1893 959 1936 rero
976 1893 1152 1956 compagum

76 1975 270 2042 commissura
290 2001 349 2042 non
370 1991 483 2042 tantum
503 1999 562 2040 non
583 1977 685 2042 laxata
697 1976 763 2058 luit,
786 1998 889 2041 verum
907 1975 995 2040 etiam
1008 1973 1040 2038 io
1059 1995 1171 2038 uuum

75 2079 251 2165 prodigiose
278 2080 419 2160 oonllari,
449 2102 503 2144 seu
530 2081 620 2146 alium
640 2105 761 2168 prorsus
780 2081 812 2145 in
831 2093 940 2146 statum
961 2097 1152 2144 eonoresoere

73 2184 155 2249 visa.
199 2186 252 2250 Sio
272 2186 409 2270 portella,
430 2197 495 2247 utut
515 2185 668 2249 oombusta
688 2209 714 2252 s.
736 2185 883 2265 ambusta,
905 2182 1063 2247 incolumis
1082 2205 1153 2269 per-

72 2285 204 2369 mansit,
236 2289 281 2354 ita
307 2301 340 2351 ut
365 2287 487 2370 barbari
507 2288 635 2372 perculsi
656 2289 694 2354 ab
715 2288 861 2373 ejusmodi
879 2289 946 2353 loeo
967 2289 1152 2369 recederent,

73 2391 248 2476 caedesque
268 2391 349 2458 baud
369 2413 483 2478 paneae
502 2405 532 2456 et
550 2393 675 2457 volnera
692 2393 724 2458 in
741 2415 794 2457 eos
810 2391 897 2457 modo
914 2389 1153 2473 invisibilitate.

76 2498 204 2581 ράιως)
225 2498 410 2583 ingruerent,
431 2519 489 2562 noo
511 2509 624 2561 tentum
644 2498 750 2562 eedem
768 2497 845 2577 loeo,
867 2519 970 2560 verum
990 2495 1079 2591 etiam
1098 2520 1153 2584 per

74 2619 192 2669 omnem
218 2601 397 2668 continentie
417 2603 537 2689 plagam
557 2616 646 2686 atque
664 2601 696 2667 in
717 2600 803 2666 mari.
831 2584 1003 2685 'Postquam
1024 2624 1077 2688 per
1096 2602 1151 2667 tri·

75 2707 163 2772 duum
192 2721 296 2794 portas
317 2727 411 2791 eaque
431 2705 515 2788 loos,
544 2729 621 2790 quae
641 2720 728 2795 oaptu
748 2705 850 2770 lucilia
870 2707 1032 2792 putabant,
1061 2707 1153 2774 simili

73 2812 190 2878 ratione
218 2815 399 2897 sortemque
417 2811 660 2897 impugnassent,
689 2834 753 2874 oum
774 2810 894 2897 planetu
915 2824 944 2874 et
965 2809 1075 2894 ejulatu
1096 2811 1153 2875 ab·

74 2913 190 2998 ierunt,
212 2937 314 2982 seeum
335 2914 505 2980 auferentes
525 2915 634 2980 milites
652 2914 770 2980 saucios
791 2913 1015 3002 principumque
1033 2936 1154 2980 suorum
1174 2903 1215 3034 x)

73 3040 219 3107 empore,
241 3042 316 3106 quos
337 3021 371 3085 S.
392 3017 563 3084 Demetrius
583 3018 734 3084 occiderat
755 3020 844 3099 (ΑΔ.
863 3021 920 3082 SS.
942 3017 1006 3084 Lo.
1026 3026 1054 3083 o'.
1067 3017 1152 3099 189,
1186 3067 1188 3072 .

73 3123 143 3191 ooll.
159 3127 258 3191 corn.
273 3120 355 3214 Byei
377 3119 529 3210 excerptis
549 3146 579 3210 p.
595 3125 694 3204 177.).
710 3123 763 3204 ⁷²)
804 3124 836 3190 Is
854 3121 928 3200 belli
946 3134 1073 3188 eventus
1087 3122 1152 3187 dis·

77 3271 321 3294 ——t———o—s·

111 3375 157 3440 ιι)
176 3377 292 3430 Ηοιιιιιι
321 3379 485 3448 regulorum
502 3372 594 3431 Slavi·
643 3377 771 3446 phanem
791 3375 837 3431 ed.
857 3373 947 3430 Paria.
974 3391 1040 3448 pag.
1056 3378 1153 3443 88qu

74 3473 170 3514 corum
185 3461 319 3531 ouetlettt,
341 3479 406 3516 cum
423 3475 477 3532 ope
488 3465 595 3516 Deme·
641 3459 812 3534 Holtopmi'rr
829 3483 857 3516 τε
876 3455 978 3533 λύσεις,
1007 3462 1053 3519 καὶ
1072 3461 1154 3537 λιμῶν

71 3542 116 3598 uti
141 3543 209 3600 aliis
237 3545 413 3616 temporibus
439 3545 592 3618 praestita,
641 3548 789 3620 βοηθείας,
815 3545 861 3601 καὶ
879 3541 1034 3617 νοσημάτων
1053 3546 1084 3614 δὴ
1104 3551 1154 3601 ae-

74 3637 353 3700 memorat·qu0que
373 3634 423 3696 (ex
442 3631 593 3688 Actisxnu·
643 3633 760 3706 porteion
789 3625 1004 3701 ἐπιδημούντων·
1044 3625 1155 3703 σφαγάς

74 3714 141 3771 stria
160 3719 247 3788 puto)
265 3716 427 3771 Demetrius
445 3717 593 3787 Cydonius
640 3715 825 3788 refluentium,
846 3709 939 3777 αὐτοῖς
958 3710 1155 3786 στρατεύμασιν
1205 3749 1207 3754 -

73 3796 102 3852 in
120 3817 172 3855 atra
195 3798 343 3869 monodia,
365 3817 420 3870 qua
440 3804 592 3858 trrrnultum
640 3797 785 3857 ἐπιόνιωι·
823 3797 870 3853 καὶ
894 3796 1031 3869 χρηιιμοὺς
1060 3794 1097 3860 εἷς
1122 3796 1152 3852 τὸ

75 3883 371 3941 Thessalonicensem
389 3887 507 3943 ι.1346.
525 3905 591 3944 nar·
638 3886 748 3958 μέλλον,
785 3877 869 3953 μόνην
908 3875 1046 3936 ἀνάλωτον
1069 3884 1098 3936 ἐν
1120 3877 1153 3958 τῇ

70 3978 125 4043 ret,
144 3989 172 4029 o.
184 3974 213 4028 ὅ.
226 3966 399 4042 (Scriptores
413 3975 587 4043 post'rhen.
638 3967 713 4047 κοινῇ
733 3960 982 4042 ’περισωθήσεσθαι
1010 3965 1150 4049 συμφορᾷ.
1180 4009 1189 4038 ,
