2854 4770
59 415 127 510 m]
201 498 206 511 ¹
264 437 524 494 τυεειτιιιυι
548 432 950 492 ειειεεειτοιιισιευιιι.
1070 407 1159 494 371·

58 615 123 675 σοι,
157 589 309 681 παρόσον
330 596 386 660 καλ
412 583 636 687 διαφερόντως
655 596 719 657 τῶν
748 585 869 656 ἄλλων
882 595 942 673 τῆς
968 593 1148 685 συμφοράς
1195 664 1197 668 ,

57 699 207 788 ᾔσθετο,
230 694 284 770 οἷο
304 699 580 795 κατολοφόριται,
606 701 661 768 καλ
681 692 759 785 μεθ’
786 691 876 766 όσων
899 701 966 765 καλ
979 695 1057 768 σίων
1079 704 1150 772 τῶν

59 803 213 899 δακρύων
231 807 444 903 ἀνακαλεῖται
463 807 522 878 τόν
539 804 661 894 ὡραῖον
677 807 838 897 νυμφίον·
880 803 939 874 τὸν
952 805 1054 876 καλόν
1071 835 1147 879 ποι·

56 923 160 1006 μένα·
205 914 265 986 τόν
290 917 505 1007 καθηγητήν·
545 915 605 986 τόν
633 913 759 1006 σοφόν·
806 910 865 980 τόν
893 917 1042 1002 σωτῆρα
1083 903 1146 987 τόν
1205 955 1211 964 ·

57 1031 251 1114 πολιοῦχον·
291 1024 352 1095 τόν
372 1025 538 1115 πρόβολον
559 1028 614 1092 καί
637 1029 747 1104 κίονα,
776 1017 864 1090 κατά
885 1027 1074 1114 Πίνδαρον,
1104 1021 1147 1094 ά-

57 1135 206 1222 στραβῆ·
235 1137 292 1202 καὶ
314 1135 348 1202 εἴ
357 1161 390 1203 τι
408 1132 489 1204 άλλο
507 1132 666 1221 ἐράσμιον
684 1133 739 1197 καλ
757 1127 917 1220 σωτήριον
931 1134 1070 1220 πρᾶγμα
1086 1138 1146 1204 καλ

20 1269 25 1278 ·
56 1241 178 1330 ὄνομα.
222 1241 314 1312 (mm
337 1248 370 1313 δὲ
391 1241 458 1334 άρα
478 1248 610 1326 πενθεῖ,
632 1247 688 1311 καλ
706 1239 788 1331 πρὸς
809 1242 869 1309 τοῦ
879 1244 1040 1338 ,πένθους
1054 1237 1145 1312 άπά·

56 1375 169 1438 γεται,
197 1345 241 1430 ὥς
264 1345 307 1418 {iv
329 1346 362 1419 εἰ
385 1347 554 1440 κατάκρας
584 1347 683 1433 ἑάλω,
715 1355 769 1419 καλ
794 1349 892 1416 τοῦτο
916 1346 1066 1437 δεύτερον
1089 1353 1145 1418 ἐκ·

55 1457 289 1547 πεπόρθηται·
324 1451 347 1545 εἲ
370 1464 426 1528 καλ
447 1457 660 1549 σχετλιώτερα
683 1455 819 1546 πάσχειν
839 1459 954 1527 οἴεται.
996 1454 1142 1547 Πρῶτον

57 1574 119 1654 μὲν
145 1563 229 1652 γάρ,
260 1564 394 1634 Ἰταλῶν
422 1575 456 1636 ίκ
486 1575 545 1654 γῆς
573 1573 630 1637 καλ
655 1566 833 1651 θαλάττης
860 1563 1143 1654 ἐπικωμασάντων

56 1669 143 1769 αὐτῇ
166 1678 221 1742 καί
244 1675 316 1742 εἴσω
336 1675 401 1742 τῶν
421 1675 602 1765 περιβόλων
623 1673 871 1766 εἰσκτχυμίνων,
902 1677 1015 1762 περιῆν
1034 1671 1143 1754 σ’ίλλως

55 1783 124 1849 τῶν
152 1781 333 1868 πολεμίων,
362 1787 416 1850 καί
443 1790 676 1875 καθυπερτέρα
702 1793 759 1868 τῆς
784 1779 933 1862 άλώσεως
952 1777 1071 1851 ἰ’σεατο
1093 1779 1142 1876 τῷ

56 1889 265 1982 φρονήματι,
291 1890 352 1959 τοῦ
377 1874 551 1982 πολιούχου
578 1891 701 1978 ταύτης
722 1898 842 1972 ἐκείνου
866 1889 1048 1980 περιόντος,
1083 1889 1140 1958 καλ

53 2001 207 2081 πλείστην
234 1995 314 2082 όσην
335 2001 390 2066 καὶ
410 2003 691 2086 δυσαντίβλεπτον
713 2008 782 2083 τοῖς
801 2005 1035 2090 πολιορκηταῖς
1055 1997 1141 2089 προ-

55 2108 264 2192 βαλλομένου
292 2103 353 2191 τήν
381 2106 417 2173 ἐκ
441 2107 507 2189 τῆς,
523 2106 642 2198 ἀρετῆς
666 2107 762 2190 αἰδῶ,
793 2114 848 2179 καλ
868 2105 973 2197 μόνον
994 2107 1054 2196 οὐχ
1073 2103 1138 2177 άπὸ

54 2210 161 2292 πόδας
180 2210 238 2280 τόν
255 2211 423 2302 ἀγέρωχον
440 2212 584 2303 στρατόν
604 2214 829 2305 ῥιπτάζσντσς.
843 2225 877 2301 *λ
918 2217 993 2284 Νῦν
1014 2220 1049 2283 δὲ
1069 2229 1147 2284 τοιι.

54 2325 131 2389 οὔδε
148 2320 317 2409 προβόλων
333 2325 573 2408 γεγυμνωμὲνη,
594 2329 841 2414 καταβέβληται
859 2325 900 2422 τῇ
914 2320 1027 2420 γνώμη
1045 2322 1160 2416 παρόν

53 2428 116 2497 τού
140 2426 293 2512 πάθους,
322 2427 365 2510 ὡς
386 2431 446 2503 νῦν
471 2427 572 2512 ὅντως
594 2435 922 2528 ἐκπεπολιορκημένη,
949 2437 1007 2502 καλ
1027 2427 1139 2502 πάντα

53 2541 310 2626 περικεκαρμίνη
333 2533 508 2625 κρηδεμυα.

136 2639 172 2711 5.
204 2645 243 2712 Τι’
259 2640 323 2711 δ’
305 2671 326 2726 η
341 2641 468 2714 πολεων
483 2650 597 2734 βασιλί
595 2677 630 2733 ςς
651 2646 805 2738 Πότερον
819 2637 1024 2744 κουφότερον
1040 2648 1138 2718 ὑποί-

52 2775 104 2821 σα
121 2751 184 2835 τὴν
202 2777 317 2854 κοινην
335 2748 599 2842 δυσπραγίαν,
577 2788 597 2845 η
620 2764 730 2847 πολλῳ
750 2765 1014 2849 ἐπαχθέστερον,
1036 2755 1084 2838 οἷς
1104 2759 1138 2825 ε’·

52 2847 301 2950 λευθεριιότατα
327 2865 380 2928 καλ
404 2862 564 2934 κάλλιστα
589 2893 658 2991 παρ
704 2868 787 2974 αὐτῇ
814 2874 1059 2957 τεθραμμένος,
1095 2861 1139 2946 ὡς

50 2977 87 3038 ἐν
115 2964 272 3038 άποδόστι
296 2976 454 3062 τροφειων
478 2971 589 3052 πάσας
602 2972 753 3062 χάριτας
784 2979 967 3068 φιλοτίμως
987 2974 1142 3058 ἐξέτισεν

35 3073 117 3165 ὀὐχ
143 3069 232 3155 ὅπως
254 3071 376 3163 κόσμος
402 3075 493 3161 όξιος
517 3079 601 3176 αὐτῇ
625 3086 680 3150 καὶ
702 3081 938 3172 λαμπρότατον
964 3079 1144 3168 γινόμενος·
1180 3165 1182 3172 s

52 3174 180 3262 ὄνομα,
203 3176 293 3245 ἀλλά
315 3183 385 3260 καί,
413 3173 452 3246 ὃν
474 3181 585 3268 ίδρωτι
609 3183 721 3267 πολλρῐ
743 3185 932 3264 συνελέξατο
952 3207 1022 3266 παρ
1052 3173 1138 3274 αὐτῇ

52 3279 200 3347 πλοῦτον
215 3282 354 3402 σρφίας,
374 3275 493 3348 τούτου
511 3277 702 3363 μεταδιδούς
722 3281 890 3374 ἀφθόνως
907 3289 977 3359 τοῖς
997 3276 1139 3373 φιλοπό-

51 3405 144 3460 νσις,
165 3378 276 3448 κοινόν
293 3383 488 3467 πρυτανεῖον
503 3379 619 3465 λόγου,
642 3385 696 3450 καὶ
688 3383 838 3476 σοφίας
857 3378 1050 3468 πανδεχης“
1034 3379 1141 3461 εστία,

54 3484 111 3548 καί
136 3476 235 3558 ἄλλος
253 3474 385 3548 Ἑλικών
409 3481 636 3568 προκείμενοςς
674 3485 793 3569 Κῆπος
816 3481 882 3572 γάρ
907 3474 947 3566 ἦν
971 3477 1142 3557 άκλειστος

50 3586 192 3672 σοφίας,
217 3587 274 3649 καί
294 3577 459 3670 πλήρης’
439 3580 560 3669 αγρὸς,
590 3577 630 3649 ὃν
649 3580 801 3670 εύλόγησε
821 3581 951 3673 κύριος,
973 3585 1029 3650 καὶ
1048 3578 1143 3666 πηγὴ,

49 3680 159 3768 λόγων
183 3678 426 3802 άσφράγιστος.
463 3685 538 3770 Καὶ
565 3708 675 3770 παρην
698 3688 767 3764 τοῖς
791 3685 1002 3772 μαθητειῶσι
1025 3684 1140 3808 δρὲπι·

48 3789 143 3855 σθαι
161 3788 301 3872 προῖκα,
323 3787 380 3850 καί
398 3779 584 3884 ἀρύεσθαι,
605 3810 662 3854 και
651 3787 983 3880 κατεμφορεῐσθαι,
1002 3787 1058 3851 καί
1073 3807 1139 3872 μη·

88 3971 119 4038 ³¹¹)
139 3975 185 4026 De
205 3971 260 4027 hac
277 3968 418 4052 Eustathii
436 3969 493 4025 fide
514 3969 574 4026 ιιιῐε
624 3967 817 4026 Νοποευοίυα
841 3969 1005 4026 narratione
1028 3987 1059 4043 p.
1076 3969 1141 4042 270,

46 4055 191 4128 praestita
218 4073 247 4112 τ.
274 4071 389 4126 quoque
415 4059 514 4127 Ipsum
542 4055 574 4110 in
623 4060 659 4133 20
676 4071 741 4126 sqq.
761 4057 868 4126 pavo,
885 4057 921 4110 6⁰
938 4071 1003 4126 sqq.
1082 4077 1085 4084 ’

850 4145 893 4216 24
906 4143 929 4186 ἢ
959 4170 970 4184 ,
