2824 4770
458 387 770 442 rmacoomarta.
1132 392 1161 445 V

76 535 303 624 qoihuecnnque
323 534 491 605 maritimis.
532 538 634 622 Hojtta
660 539 790 612 nominis
815 539 944 627 primam
974 553 1082 610 tentem
1108 543 1161 612 ia·
1288 553 1290 560 '

73 640 163 708 renio
188 641 377 728 Stephanum
390 641 583 732 -Byrantiunn
610 643 649 710 de
674 645 762 711 urhh.
783 646 807 714 1.
828 667 874 715 ca
917 649 1173 735 &aequicolam

72 747 169 827 πόλις
189 749 420 830 Μακεδονίας,
450 751 523 834 ἥτις
546 750 613 840 ἄρα
634 753 779 820 ἐκαλεῖτο
796 747 902 835 Ἀλέα,
931 755 1159 847 Κασσάνδρου

70 859 202 945 κτίσμα.
242 856 328 924 ldenr
347 857 457 944 repetit
470 857 711 949 Etymologicum
730 863 778 926 M.
801 882 834 947 p.
845 858 918 945 4⁴7,
929 863 981 930 33.
1000 861 1050 932 ed.
1066 867 1158 957 syth.

70 969 187 1033 Verum
208 963 282 1029 orba
302 983 322 1027 a
341 961 484 1049 Phiiippo
505 962 556 1028 rel
576 965 748 1030 Genoandro
768 963 933 1032 instaurata
953 969 1090 1036 Ther-are
1107 969 1159 1037 di·

69 1070 203 1151 cebetor,
224 1065 353 1134 historia
371 1077 462 1148 teate,
483 1088 545 1133 non
563 1069 681 1150 Helio.
722 1071 807 1154 Ergo
826 1067 932 1135 ocham
951 1085 1084 1140 nochum
1104 1088 1158 1142 aot

68 1175 183 1261 duplex
209 1193 317 1238 nomen
346 1168 493 1236 habuiece
512 1169 633 1257 putehie
654 1174 751 1258 (qood
769 1191 830 1239 noo
850 1195 950 1240 rarum
969 1178 1050 1266 epod
1069 1191 1158 1246 rete-

68 1286 152 1362 rctiq
182 1290 237 1344 aot
255 1274 363 1341 Helia
391 1272 490 1360 primo
509 1275 591 1344 dicte
610 1292 675 1361 ert,
707 1278 819 1344 deinde
842 1279 985 1345 stetere.
1025 1283 1157 1351 Omnino

67 1373 184 1465 notem}
216 1381 243 1447 ai
262 1379 368 1446 Helia
396 1378 478 1444 dicta
505 1392 554 1445 est
579 1381 818 1464 Thessalonica,
850 1383 978 1451 chaonrn
1003 1385 1036 1452 id
1055 1388 1156 1474 iprum

65 1489 147 1564 urlric¹
167 1485 257 1554 initia
275 1482 472 1571 significabit.
514 1487 654 1572 Namque
676 1487 783 1553 Helio
803 1485 861 1553 erit
877 1513 984 1574 paguo
1001 1515 1024 1555 a
1047 1493 1156 1578 piam.
1297 1515 1299 1524 =

65 1596 184 1660 tor-ihm
203 1591 385 1669 habitatae,
413 1587 554 1674 idemque
583 1604 698 1677 epectat
725 1595 840 1666 Taetaa
865 1615 898 1680 ρ.
919 1597 1011 1661 Vlll.
1032 1593 1155 1680 ellatur,

66 1701 115 1786 qui
128 1695 382 1766 Thessalonicam
402 1691 514 1779 κώμην
533 1707 622 1762 antea
645 1696 743 1762 ioiaae
766 1711 885 1782 namt,
911 1697 1074 1785 incertum,
1095 1725 1155 1788 qoc

64 1804 147 1870 niaco
168 1799 358 1888 antiquitatis
377 1800 560 1878 testimonio,
601 1799 685 1867 Aliis
701 1802 807 1867 Halia
832 1801 914 1867 idem
934 1803 1054 1869 sonabit
1073 1805 1156 1892 quod

64 1909 248 1986 mcdtiace,
278 1919 309 1974 et
327 1905 397 1982 fieri
416 1903 532 1993 potnit,
560 1919 593 1970 ut
613 1928 632 1971 e
652 1920 760 1994 poetae
779 1906 981 1976 verciniaco
999 1932 1087 1977 eecce
1106 1911 1157 1980 in·

64 2015 186 2080 tellecto
207 2026 405 2078 commentum
424 2009 464 2074 de
484 2011 590 2075 Helio
610 2025 800 2091 nasceretur„

143 2117 291 2189 Ultimum
316 2114 401 2180 urbis
421 2113 606 2204 clariasimae
626 2139 752 2197 nornen,
784 2129 945 2201 antequam
964 2114 997 2194 io
1017 2117 1156 2188 Theona·

63 2225 197 2298 lonicum
225 2220 340 2302 abiret,
369 2233 416 2287 est
438 2221 570 2306 Θέρμα,
601 2242 690 2304 quam
715 2223 843 2287 formam
870 2221 951 2305 apud
972 2219 1155 2292 Aeschinem

62 2343 218 2408 oratorem
237 2322 372 2405 inuenio,
394 2323 601 2410 quietatione
622 2323 660 2387 de
679 2323 758 2395 lalea
776 2321 932 2408 legatione
947 2325 1000 2408 31,
1015 2325 1057 2401 36
1077 2327 1154 2408 (211

60 2458 108 2520 aq.
130 2431 285 2513 Rosa),
315 2427 489 2523 εἰληφότος
517 2435 569 2513 δέ,
599 2432 658 2514 ait,
683 2425 913 2518 Ἀνθεμοῦντα
939 2435 996 2498 καὶ
1019 2433 1153 2519 Θέρμαν

61 2547 116 2609 καὶ
140 2541 310 2632 Στρέψαν
337 2543 392 2607 καὶ
413 2537 489 2605 ἄλλ’
514 2535 601 2606 ἄττα
618 2545 723 2624 χωρία
743 2541 857 2618 (oermo
875 2554 922 2604 eet
940 2541 980 2603 de
1001 2540 1151 2608 remeia

58 2646 241 2727 Macedone,
261 2644 313 2731 qni
328 2659 445 2744 moqtuo
455 2645 610 2727 Perdicca,
622 2644 764 2732 Philippi,
779 2643 952 2713 Alexandri
969 2644 1148 2710 Perdiccae-

60 2774 115 2838 qoe
135 2763 236 2838 patre,
257 2773 383 2838 regnum
398 2751 601 2818 Macedonum
621 2748 804 2832 affectavit).
819 2751 866 2828 4),
898 2749 1051 2816 Tmen
1069 2770 1145 2814 vero

61 2861 221 2946 (Θέρμην)
241 2855 311 2922 dicit
328 2856 500 2922 Herodotus
513 2854 569 2920 lt'l).
587 2848 877 2938 7,121.123.124.
896 2853 966 2918 127.
984 2851 1144 2922 128.183.

60 2965 200 3051 Sequitur
212 2961 412 3052 Thucydideo
426 2966 454 3043 1,
470 2963 521 3026 61.
538 2963 569 3042 2,
584 2961 634 3026 29.
654 2973 685 3026 et
698 2958 814 3049 Scylax
829 2979 862 3045 p.
873 2957 925 3028 26,
940 2957 989 3021 cd.
1001 2957 1143 3026 Hodaon.

60 3073 96 3134 hh
116 3071 149 3135 hi
170 3067 293 3152 quidem
312 3061 555 3133 comerciacum
575 3064 635 3130 loci
656 3087 777 3144 nomen,
798 3061 879 3148 quod
899 3085 972 3126 vere
992 3061 1143 3145 aliquem-

60 3173 109 3238 diu
128 3172 276 3253 obtinuit,
305 3185 500 3252 atteatantur,
520 3192 581 3233 non
601 3167 754 3237 Leonicua
775 3166 1018 3254 Ghalcondylas,
1039 3165 1142 3230 Athe·

60 3276 189 3359 nienoie,
220 3275 271 3362 qni
297 3274 329 3340 in
358 3274 484 3342 historia
510 3295 566 3339 cua
591 3261 737 3355 Tulcica,
766 3285 836 3359 poet
855 3285 972 3357 captam
992 3292 1011 3335 a
1030 3268 1141 3334 Tuccio

62 3380 341 3466 &costantinopolin
361 3377 491 3466 scripta,
512 3401 574 3446 non
593 3401 630 3444 eo
650 3375 770 3442 nornine
789 3376 899 3455 utitor,
928 3374 1008 3459 quod
1026 3374 1141 3440 dudum

58 3484 252 3568 inculcent,
274 3483 520 3580 Themclccica,
541 3482 597 3550 aed
617 3480 780 3572 antiquiori
803 3481 952 3566 Thermo,
971 3481 1002 3561 ⁵)
1044 3480 1138 3547 Gete-

93 3671 118 3735 t)
138 3672 184 3724 De
208 3668 263 3722 hcc
283 3664 443 3724 Aeschinis>
458 3670 521 3726 loco
541 3684 569 3724 r.
657 3667 683 3736 5)
705 3671 748 3724 Eu
770 3666 889 3724 hunnici
912 3667 986 3723 loca.
1020 3665 1083 3736 Lib.
1107 3667 1134 3719 l.

59 3755 113 3808 Noc
133 3770 201 3826 pag.
217 3755 244 3806 8.
265 3759 324 3808 not.
339 3756 381 3808 13.
421 3753 569 3812 aetheros
617 3753 678 3820 (ed.
696 3751 786 3812 Paris.
810 3769 839 3826 p.
854 3755 915 3823 23„
947 3751 993 3809 ed.
1011 3754 1085 3809 Ven.
1103 3767 1134 3820 p,

58 3841 172 3906 formam
188 3841 342 3906 Aeschinis
361 3841 468 3914 θέρμαν
482 3844 569 3900 trium
618 3843 691 3912 18.);
722 3825 827 3912 Θέρμην
851 3837 898 3906 τὴν
917 3843 945 3894 ἐν
963 3836 1135 3912 Μακεδονίᾳ,

60 3929 184 3992 ecdicum
207 3927 375 3997 auctoritate
394 3929 495 4002 ejecit,
518 3927 569 4004 qui
621 3917 828 4000 deductorium.
863 3933 946 3988 ldem
971 3928 1042 3986 ibid.
1066 3946 1136 4006 pag.

59 4015 159 4082 hahent
178 4018 296 4094 θέρμην.
615 4023 766 4090 24ᾳ19)ν
793 4014 849 4089 Τήν
866 4037 895 4074 ce
917 4016 1023 4092 θέρμην
1041 4005 1134 4102 παρο-
