2846 4770
271 440 426 494 LXXXIV
643 440 951 492 raoaaoomtta.

239 601 241 606 ’
268 589 476 657 Selarinornru
489 599 632 675 quarum
649 588 741 676 bajus
754 586 875 674 quidam
890 585 1077 675 inperatoris
1091 573 1169 659 aero
1182 587 1347 676 assignan-

267 694 338 760 dum
357 718 426 760 esse
445 708 604 776 statuam·
623 693 678 759 aad
704 691 856 758 diuersum
882 707 983 778 putem
1007 693 1047 758 ab
1073 718 1109 759 ao
1131 695 1230 778 bello,
1262 699 1346 782 quod

267 799 422 865 (ledrensis
440 798 507 864 bc.
527 812 683 865 memorat.
722 801 909 881 Quamquam
928 797 1045 882 utrique
1065 798 1156 880 bello,
1180 802 1345 886 Balgarico

266 904 461 990 Slavicoque,
475 905 601 969 eundem
617 904 679 968 lere
694 924 805 967 *annum
819 900 969 987 assignari
982 903 1084 969 velim.
1107 901 1347 971 Thessalonicae

265 1010 363 1090 enim,
392 1009 432 1074 ab
452 1007 592 1073 hostibus
612 1021 761 1087 vexatae,
788 1006 950 1092 imperator
978 1007 1039 1071 non
1063 1007 1146 1072 aliud
1173 1009 1344 1074 subsidium

262 1116 370 1199 mittit,
400 1115 459 1180 nisi
480 1112 623 1179 chariam
650 1114 849 1198 praefeotnmt
880 1111 919 1175 de
939 1111 1074 1176 exercitu
1094 1111 1228 1178 obsessis
1243 1114 1344 1178 ‘misso

157 1277 159 1282 .
263 1235 364 1292 meent
377 1223 454 1286 Acta
470 1223 505 1283 S.
519 1213 676 1282 Demetrii.
717 1217 763 1279 Eo
778 1215 893 1280 scilicet
908 1215 1080 1301 imperator,
1101 1215 1167 1301 ipse
1183 1238 1249 1280 cum
1265 1221 1345 1284 Bul·

262 1326 346 1416 garis
365 1325 557 1404 conflictans,
585 1341 688 1384 carere
708 1341 767 1382 non
787 1319 892 1406 potuit.
933 1323 996 1384 Sed
1016 1321 1143 1404 Baleari
1162 1324 1194 1385 in
1216 1323 1343 1389 Slavioo

262 1451 382 1519 quaqua
401 1425 537 1494 exercitu
557 1425 718 1518 secundum
740 1426 808 1489 aa,
825 1425 883 1489 SS-
909 1427 1015 1511 (supra
1033 1449 1065 1512 p.
1082 1429 1207 1507 Lxx.)
1228 1449 1345 1493 memo·
1416 1513 1417 1518 ἵ

262 1551 377 1606 motor.
419 1531 478 1598 iiis
498 1529 625 1597 certiora
648 1542 738 1612 atque
760 1527 945 1595 accuratiora
967 1529 1117 1596 doctiores
1143 1555 1162 1594 e
1187 1533 1340 1598 mentione

261 1640 350 1708 Naisi
359 1635 564 1719 sardinasque
576 1629 706 1710 urbium,
720 1631 792 1696 itero
805 1631 936 1699 libariae
950 1634 1105 1720 praelecti,
1128 1634 1340 1702 extricabant=

263 1767 316 1809 eos
337 1763 459 1808 monera
482 1739 578 1806 satius
601 1740 784 1825 patavinus.
830 1737 949 1803 Bellum
972 1763 1046 1806 vero
1069 1740 1344 1808 Thessalonicense

122 1919 125 1933 ⁸
262 1845 444 1937 Byzantinis
463 1867 523 1910 non
543 1865 666 1929 prorsus
679 1843 864 1929 inopinatum
881 1841 1039 1928 accidisse,
1060 1844 1205 1907 Actorum
1220 1860 1343 1910 nocuo-

261 1975 328 2019 rutn
342 1950 475 2016 narratio
490 1947 601 2034 prodit.
643 1950 854 2032 Praeparatutn
870 1945 948 2011 eninr
961 1969 1015 2033 per
1029 1946 1181 2012 biennium
1197 1949 1340 2034 legimus.

261 2059 303 2122 Et
323 2053 468 2119 barbaros
487 2074 544 2116 sna
561 2051 695 2137 ipsorum
714 2050 926 2138 imprudentia,
957 2065 989 2114 ut
1008 2051 1215 2134 tortiobullo,
1242 2053 1342 2120 nrani-

260 2161 339 2225 iesto
358 2157 504 2245 'sordidis‘
540 2159 677 2240 Namque
698 2156 801 2220 urbem
820 2153 996 2220 maritimam
1016 2170 1162 2242 petentes,
1183 2155 1267 2224 bello
1284 2181 1342 2223 na-

261 2265 326 2332 vali
345 2261 546 2329 abstinebant.
586 2265 680 2326 Secus
701 2260 759 2324 boc
776 2260 856 2325 bello
876 2261 981 2341 tertio,
1009 2261 1062 2326 ubi
1081 2260 1217 2327 Sclavini
1243 2263 1342 2350 pluri-

260 2391 326 2436 mas
346 2391 440 2434 naves
461 2366 624 2446 habebant,
645 2365 716 2430 licet
736 2365 813 2431 male
831 2363 896 2430 illis
916 2364 975 2430 usi.

256 2550 266 2570 ,
341 2489 432 2552 Bella
452 2485 660 2551 Sclavinorum
680 2485 964 2550 Thessalonicensis
989 2498 1126 2570 quartum
1155 2499 1184 2552 et
1206 2489 1342 2573 quintum

247 2629 251 2644 r
261 2591 365 2675 gravis
386 2600 483 2654 terrae
502 2604 599 2662 motus
618 2591 821 2674 ecclesiaeque
838 2589 1043 2654 Demetriacus
1060 2590 1229 2657 incendium
1246 2593 1342 2659 inter·

262 2694 362 2760 cessit.
382 2728 384 2732 .
401 2693 488 2758 Prior
511 2692 665 2758 calamitas
693 2694 788 2758 altero
815 2716 916 2758 mense
942 2710 1009 2779 post
1028 2695 1151 2759 loannis
1171 2699 1212 2777 ll.
1239 2685 1344 2763 ar'clri-

261 2795 412 2886 episcopi,
443 2797 724 2882 supramemorati,
755 2795 867 2860 obitum
892 2799 1004 2864 euenit.
1053 2800 1114 2878 Qui
1142 2800 1190 2864 vir
1219 2817 1342 2868 sanctus

262 2923 352 2989 quum
379 2897 492 2964 ultimis
519 2900 613 2964 secoli
643 2901 761 2986 septimi
788 2901 940 2968 decenniis
960 2904 1022 2968 vita
1044 2905 1213 2971 excessisse
1235 2907 1342 2972 videa-

260 3019 325 3084 tur,
353 3018 479 3088 utraque
498 3028 572 3070 vero
593 3004 746 3068 calamitas
766 3005 863 3069 medio
885 3006 952 3071 loco
971 3007 1048 3072 inter
1068 3007 1181 3072 bellum
1200 3023 1340 3092 quartum

261 3110 454 3196 quintumque
483 3108 522 3174 ab
539 3116 699 3197 Anonymo
720 3109 880 3174 collocetur
901 3115 990 3184 (aa,
1012 3117 1071 3180 SS.
1091 3117 1115 3180 l.
1136 3137 1164 3178 c.
1186 3136 1254 3203 cap.
1279 3117 1340 3180 182

208 3215 357 3305 ὄψῃ),
377 3237 432 3278 nec
453 3226 464 3287 11
473 3235 530 3300 ego
549 3214 640 3279 alium
661 3213 688 3277 ei
709 3212 842 3277 ordinem
862 3214 1027 3282 tribuerim.
1068 3217 1125 3281 llla
1145 3235 1218 3282 vero
1241 3231 1340 3284 terrae

259 3334 357 3384 motus
383 3318 449 3382 dies
474 3318 576 3404 plures
603 3315 739 3398 duravit,
770 3319 906 3402 adeoquo
924 3321 982 3384 fuit
1002 3320 1125 3404 gravis,
1155 3336 1187 3386 ut
1206 3322 1338 3403 incolae,

259 3421 365 3490 relicta
384 3422 517 3506 civitme,
540 3424 571 3487 in
594 3435 697 3507 aperta
717 3421 865 3506 lugerent.
909 3424 1085 3509 Prodigiosa
1105 3441 1204 3492 tamen
1225 3425 1258 3491 in
1284 3427 1341 3490 boo

259 3547 379 3612 qnoque
405 3537 519 3590 terrore
544 3528 578 3592 S.
598 3525 743 3591 Demetrii
769 3548 839 3592 cura
866 3527 974 3592 eluxit.
1015 3531 1091 3592 llum
1113 3527 1210 3612 enim,
1241 3543 1340 3595 terrae

258 3643 341 3695 motu
362 3628 536 3711 saeviente,
566 3631 733 3717 complures
758 3629 901 3695 videbant
926 3631 1076 3696 civitatem
1105 3655 1190 3698 suam
1210 3633 1340 3720 obequi-

259 3748 392 3817 tantem,
422 3753 541 3819 unaque
569 3755 634 3798 cum
663 3733 731 3799 aliia
752 3734 870 3799 Sanctis
896 3737 1061 3801 custodiam
1080 3737 1164 3800 illius
1185 3753 1339 3820 agentem.

260 3837 408 3905 Aedilicia
433 3859 542 3922 magno
561 3859 684 3902 numero
704 3837 855 3924 collapsa3
887 3838 1003 3904 incolae
1023 3841 1186 3906 incolumes
1208 3842 1337 3908 reversi.

261 3942 497 4010 Thessalonicae
523 3961 596 4008 vero
617 3940 740 4027 gravius
759 3941 921 4028 periculum
941 3944 1046 4010 iisdem
1068 3945 1175 4010 diebus
1195 3944 1338 4010 immine·

260 4043 325 4115 bat.
364 4047 500 4115 Sclavini
513 4047 603 4130 enim,
625 4046 677 4132 qui
693 4059 754 4112 tum
774 4044 855 4111 baud
875 4050 978 4136 procul
997 4050 1036 4116 ab
1052 4049 1128 4115 orbs
1146 4047 1337 4132 habitabant,
