2846 4770
474 399 779 480 eaonnnompnn.
1082 361 1168 476 nior

45 576 49 588 ·
88 549 284 637 λελόγισται.
325 553 396 618 Kol
415 551 559 621 Σκύθαι
577 553 660 622 αὐτὸ
677 549 750 622 dvrl
770 548 973 622 Μακεδόνων
991 553 1165 644 διὰνέμον-

90 687 163 737 ται,
190 655 396 728 Ἱουστιανοῦ
415 664 474 728 τοῦ
492 657 757 748 Ῥινοτμήτου“ὲν
776 667 844 740 τοῖς
864 659 953 748 tipetu
973 665 1031 748 rori
1048 665 1165 753 Στρυ-

87 768 189 855 μόνος
217 769 271 833 καὶ
298 772 370 846 ταῖς
390 768 598 856 dtofluidparc
616 772 681 836 ruia
700 772 894 856 κλεισουρῶν
911 768 1046 850 τούτους
1067 777 1165 859 ἐγκα-

88 883 306 953 τοικίσαντος.
348 877 476 954 Quinem
496 878 529 942 ni
550 870 683 966 Scythae
704 878 774 958 sint,
794 900 833 942 ex
854 878 999 942 Actorum
1018 877 1092 945 locis
1112 903 1165 946 au·

87 1005 141 1071 pra
171 973 270 1046 allatis
298 983 497 1063 cognoscitur.
545 983 622 1045 Sunt
650 979 786 1046 sclavini
814 981 927 1061 nostri,
962 983 1165 1068 maximopere

88 1085 254 1174 Strymonii
275 1099 305 1150 et
324 1079 486 1165 Runcltini,
508 1085 579 1150 coll.
597 1083 793 1152 (lameniatee
811 1085 885 1149 locis
905 1087 996 1170 snpra
1015 1086 1112 1152 citatis
1132 1111 1163 1173 p.

85 1192 258 1257 nxxvn.
300 1195 367 1271 Quo
387 1213 440 1256 eos
459 1190 620 1275 imperator
639 1188 811 1269 removerit,
832 1187 930 1253 minus
944 1190 1010 1272 jam
1029 1207 1166 1277 apertum

86 1310 145 1362 eet.
187 1299 285 1375 anm
310 1317 384 1362 rero
411 1293 486 1362 mari
511 1293 663 1384 propiores
683 1294 795 1378 luerint
815 1295 1018 1374 (exercebant
1037 1297 1166 1382 nariga-

85 1399 200 1466 tionem
218 1399 435 1483 maritimam),
456 1419 514 1486 ego
534 1421 574 1463 ex
594 1389 839 1484 Amphipolitnna
858 1411 889 1465 et
909 1397 1165 1486 Christopolltena

85 1504 230 1589 regione,
251 1504 303 1568 ubi
325 1507 403 1571 riam
425 1505 503 1570 inter
521 1501 767 1568 Thessalonicam
787 1516 877 1588 atque
897 1503 1217 1592 Constantinam-06

86 1608 129 1704 liu
160 1609 306 1694 impedire
333 1625 487 1696 poterant,
513 1607 553 1672 ad
580 1607 735 1694 superiora
755 1606 946 1696 Strymoniae
972 1622 1070 1672 terrae
1097 1607 1165 1675 loca

86 1713 218 1796 rejectos
238 1733 291 1778 eoa
310 1713 466 1794 existimo,
496 1709 665 1798 ibidemque
687 1713 818 1778 locorum
837 1710 927 1777 etiem
948 1709 1073 1776 cliaurae
1094 1718 1164 1790 (en-

86 1814 220 1902 gustiaa)
249 1815 438 1882 constantini
458 1813 712 1904 Porphyrogeniti
737 1813 878 1897 invenio,
906 1815 1055 1898 celliis,
1087 1839 1165 1901 qnae

85 1943 159 2007 pag.
179 1916 250 1986 247.
269 1923 341 1986 297.
364 1922 402 1985 de
421 1919 539 1984 elisuris
560 1915 647 1984 fluvii
667 1919 835 2008 Strymonis
856 1918 1060 2006 exposcimur.
1099 1918 1165 1986 tlut
1255 1987 1259 1995 ,

84 2037 175 2089 erunt
201 2024 374 2090 indistincte
403 2025 561 2109 angustiae
588 2019 729 2087 mentium
757 2022 933 2108 provinciae
953 2020 1164 2111 Strymoniae,

84 2152 166 2212 qnae
193 2128 260 2218 ipen
288 2154 405 2216 qnoque
424 2127 657 2215 ascriptoribus
677 2126 764 2193 istius
783 2128 852 2192 aevi
872 2131 1015 2214 Strymon
1034 2126 1094 2191 dici
1115 2151 1166 2193 eo·

83 2231 191 2312 lebat,
219 2233 288 2298 coll.
314 2256 344 2319 p.
364 2235 415 2299 40.
456 2239 503 2298 Dc
522 2230 661 2298 faucibus
682 2231 860 2319 Strymoniis
875 2231 1000 2296 nomine
1019 2227 1167 2296 Kidreuro

86 2359 124 2402 v.
148 2335 381 2402 Schelllariltinm
402 2361 420 2402 a
441 2337 586 2422 Nobis-p.
604 2332 676 2400 244.
699 2335 830 2401 citatum.
851 2339 903 2416 ²4)

170 2441 233 2504 Sed
260 2440 422 2506 videndum
444 2443 551 2523 etiam,
578 2461 721 2525 qttosnam
741 2461 816 2504 rere
835 2439 995 2505 Solarinoe
1015 2437 1096 2503 bello
1115 2443 1167 2503 ln·

84 2541 236 2607 stinianus
256 2545 418 2627 domuerit,
440 2567 583 2630 quosnam
603 2545 632 2608 in
652 2545 834 2609 deditionem
848 2545 1006 2632 acceperit.
1049 2541 1167 2609 Priores

80 2662 175 2709 erunt
195 2647 298 2714 Hebro
319 2649 452 2716 inferiori
469 2647 641 2735 propiores'3
663 2649 844 2734 posteriores
860 2649 1045 2737 Amphipoli,
1068 2649 1168 2714 Tltes·

84 2749 240 2814 salonicae
253 2775 290 2818 ac
304 2759 455 2820 Berroeae
470 2751 657 2818 contermini.
698 2757 805 2838 Neque
823 2777 896 2822 rero
913 2779 954 2820 ex
971 2755 1045 2820 actis
1059 2757 1094 2820 S.
1104 2757 1169 2817 De-

84 2855 186 2918 metrii
205 2878 386 2942 cognoscere
405 2860 494 2940 lioet,
525 2855 722 2922 lastinianum
742 2877 835 2947 prope
854 2858 951 2948 ipsam
970 2855 1169 2924 Thessaloni·

124 3063 170 3121 rr)
189 3063 234 3114 De
250 3053 364 3120 ellenris
381 3061 602 3122 r.omnino·1)n
653 3073 714 3124 erat
742 3060 863 3126 inferius
886 3063 1049 3142 provinciae
1075 3061 1168 3137 titnlo,

86 3145 176 3216 curig.
207 3144 244 3224 ln
270 3145 422 3206 Glossariia
457 3175 505 3212 rr.
535 3156 603 3208 ultr·
653 3155 900 3212 adnumerabatur.
940 3160 980 3210 Ea
1003 3171 1072 3210 nunt
1094 3155 1169 3210 Con-

86 3229 198 3304 σοῦραι,
218 3229 371 3305 clausum,
393 3237 485 3293 clusa.
519 3240 603 3297 Initio
653 3238 794 3294 stantinus
807 3239 1076 3312 Porphyrogenitne
1098 3237 1169 3293 scri·

88 3319 143 3374 loci
168 3322 374 3384 Constantineir
393 3326 514 3380 lectores
540 3345 603 3382 mu·
652 3322 754 3396 paerit,
771 3341 807 3379 an
820 3323 987 3396 posterioria
1001 3322 1064 3378 aeri
1081 3321 1168 3379 libra·

88 3405 227 3460 tationem
260 3405 502 3479 animadvertent,
530 3429 604 3482 qnae
652 3405 731 3479 rins,
758 3413 886 3465 nondum
903 3407 1011 3464 inveni.
1046 3410 1076 3463 ln
1095 3409 1168 3465 liltro

85 3487 162 3544 circa
196 3489 373 3560 provinciam
407 3496 604 3568 Strymoniam
652 3503 729 3549 certe
758 3497 794 3550 de
821 3493 986 3550 cerimoniis
1009 3483 1090 3549 arulae
1109 3499 1168 3567 ay-

84 3574 240 3630 acciderat.
275 3581 314 3632 Ea
331 3576 411 3647 priua
430 3581 604 3649 peculiarem
652 3580 801 3649 neritinae,
821 3577 870 3649 qui
895 3576 990 3634 eidem
1006 3579 1168 3654 Constanti·

85 3661 215 3725 (tertiam
247 3665 392 3731 Europae)
426 3665 603 3734 provinciam
652 3683 690 3720 no
709 3664 857 3736 tribuitur,
885 3679 999 3735 semper
1016 3663 1168 3738 στρατηγὸν

33 3803 34 3810 .
86 3745 275 3802 corratituerat
283 3762 292 3811 3
330 3753 444 3814 postero
474 3759 603 3824 ternpore
652 3748 815 3827 Στρυμόνος,
832 3768 977 3824 numquam
991 3752 1165 3830 κλεισουράρ-

84 3829 251 3902 provinciae
283 3831 489 3890 Macedonicae
518 3841 604 3906 (nori
649 3867 701 3916 χην
724 3837 809 3900 istius
834 3838 953 3894 (litionis
976 3842 1162 3910 deprehendi.

85 3935 214 3988 nertstrs,
241 3913 443 3972 sarmaciae
469 3923 604 3982 meridio-
652 3934 737 3989 ΑΜΕ
760 3925 952 3986 cameniatarn
978 3941 1064 3994 snpra
1094 3931 1164 3988 cira.

83 4000 175 4072 nali)‚
213 3997 335 4055 ctisnrac
362 3999 496 4077 nornine,
526 4015 603 4082 quod
652 4026 715 4076 rum
731 4011 954 4089 p.1.xxvl.tad
969 4023 1075 4069 artuum
1089 4021 1164 4090 904),
