2846 4770
231 417 331 474 XCIV
613 415 922 468 numentana·

189 598 192 602 ·
232 569 339 637 silihus
360 565 436 649 suis,
455 564 578 632 victoris
594 565 768 632 clementiae
785 563 981 645 conficientes,
1001 560 1192 629 intraverint.
1228 563 1310 636 lllntl

232 675 273 740 oh
293 671 449 757 sequentia
468 672 610 756 majorem
631 673 697 738 veri
718 672 846 758 speciem
867 666 970 733 hahet.

309 773 443 861 Navigia
462 765 592 861 quoque,
613 779 761 842 frumento
782 788 899 855 onusta,
919 769 1088 860 petentibus
1109 763 1311 844 Thessaloni·

232 881 371 946 censibus
390 879 430 945 ah
449 875 629 968 imperatore
650 884 766 946 Graeco
786 876 878 942 misac
898 891 978 943 sunt.
1018 873 1225 942 Aluehchant
1244 881 1311 945 l'ru·

231 986 323 1050 menti
342 1002 497 1049 mensurae
516 985 658 1070 sexagies
679 983 780 1065 mille,
807 980 958 1069 praesecto
978 1001 1033 1067 per
1052 981 1196 1048 malitiam
1216 983 1310 1049 multo

230 1091 373 1156 minorem
394 1110 530 1155 annonae
551 1088 833 1175 copiam-petente,
853 1084 1011 1170 quinquies
1030 1085 1115 1151 mille
1134 1109 1308 1172 mensuras,

239 1219 279 1260 ne
295 1193 409 1260 scilicet
422 1185 457 1258 in'
473 1213 574 1259 eorum
589 1195 663 1258 iram
679 1193 853 1270 incurreret,
876 1188 927 1274 qui
943 1211 1079 1254 annonae
1095 1191 1312 1258 Macedonicae

236 1299 414 1366 vendendae
426 1310 516 1383 atque
535 1298 740 1383 exponendae
760 1315 880 1382 operam
901 1293 1024 1360 dabant.
1065 1297 1133 1360 Hac
1151 1295 1329 1362 alimento·

176 1415 177 1422 ’
233 1424 299 1471 rum
325 1394 414 1490 copia
438 1401 565 1468 advecta
593 1405 719 1480 (venere
744 1421 863 1488 quoqne
888 1398 1013 1484 navigia
1037 1397 1152 1465 minore
1179 1400 1310 1483 bellica,

233 1511 412 1576 frumentum
431 1497 631 1586 comitantia),
654 1503 775 1571 harbari
796 1519 931 1570 extrema
948 1501 1030 1590 passi
1046 1503 1084 1566 da
1097 1509 1176 1590 'paee
1190 1504 1310 1570 tandem

233 1625 360 1697 egerunt
380 1611 467 1688 (ΔΑ.
484 1612 542 1675 88.
563 1609 586 1676 l.
601 1630 630 1674 c.
650 1609 837 1696 cap.193.).
877 1608 1001 1689 Ultima,
1022 1605 1271 1676 Thessalonicam
1291 1631 1310 1686 a

233 1716 386 1784 sclavinis
413 1735 450 1782 eu
476 1728 652 1800 tempestate
678 1713 833 1780 obscenam
856 1713 970 1795 inisse,
1000 1709 1076 1776 mihi
1101 1733 1161 1776 uon
1182 1711 1309 1780 obscure

233 1821 415 1909 significant.
456 1817 585 1884 Obsidio
602 1834 700 1883 tamen
717 1834 749 1884 ut
765 1819 945 1898 solveretur,
965 1816 1156 1904 imperatoris
1171 1817 1310 1902 victoria,

234 1929 273 1992 tle
287 1926 438 1993 sclavinia
455 1922 634 2014 Strymoniis
655 1921 881 2009 Runchinisque
896 1924 1069 2009 (incertum,
1090 1921 1145 1988 ubi
1161 1921 1310 2036 locorum)

178 2025 181 2030 Δ
211 2039 395 2120 reportata,
415 2027 575 2116 plurimum
596 2026 702 2092 fecisse
723 2027 854 2094 videtur.

310 2140 399 2201 Hanc
418 2141 558 2200 Actorum
578 2131 681 2199 Sancti
709 2130 906 2196 narrationem
933 2129 1058 2197 eandem
1085 2153 1151 2198 cum
1176 2153 1215 2198 ea
1243 2155 1309 2200 essa

230 2259 412 2359 persuasum·
428 2237 543 2318 haheo,
565 2258 654 2322 quam
673 2235 843 2322 Nicephoro
863 2237 1195 2322 consentinopolitano
1214 2236 1308 2302 debe·

157 2415 159 2424 χ
230 2367 308 2426 mus,
329 2340 382 2428 qui
401 2342 432 2409 in
451 2363 506 2408 sua
527 2337 652 2408 historia
674 2347 719 2428 (p.
737 2335 789 2404 24.
812 2337 861 2405 etl.
884 2340 991 2423 Paris,
1011 2363 1044 2428 p.
1062 2341 1112 2408 19.
1134 2341 1185 2406 etl.
1204 2345 1306 2424 Veri.)

167 2497 171 2508 .
231 2449 271 2513 ad
297 2469 406 2512 annum
432 2447 549 2512 circiter
573 2447 647 2511 688.
674 2457 774 2525 nutet,
805 2443 1002 2534 lautiniacum
1022 2447 1064 2512 ll.
1084 2443 1309 2512 Rhinotmeturu
1347 2431 1351 2442 ’

231 2548 319 2615 brevi
337 2563 406 2635 post
425 2565 560 2636 coeptum
581 2555 629 2631 (a.
649 2547 739 2624 685.)
759 2546 928 2632 imperium,
948 2570 1022 2635 paca
1042 2546 1206 2632 Bulgaricu
1227 2548 1309 2615 solu·

232 2670 275 2734 te,
295 2653 396 2722 missis
415 2652 446 2716 in
467 2653 630 2719 Thraciam
649 2648 821 2736 equitibus,
842 2665 944 2718 contra
964 2653 1123 2721 Sclaviuos
1142 2653 1308 2739 proiectum

232 2757 338 2823 luisse.
379 2757 554 2840 Imperator,
573 2757 676 2822 eodem
691 2743 849 2837 referente,
869 2755 1114 2822 Thessalonicam
1130 2765 1226 2842 usque
1240 2781 1310 2845 pru·

233 2881 368 2946 gressus,
389 2858 613 2947 quamplurimis
632 2861 677 2927 ibi
695 2861 905 2928 sclavinorum
925 2859 1065 2950 gentihus
1085 2861 1193 2947 partim
1215 2861 1308 2946 hello,

100 2990 104 3000 ·
232 2964 340 3056 partim
359 2964 511 3033 deditione
530 2959 761 3054 in'potcs'tatem
783 2966 922 3048 redactio,
943 2968 1064 3032 enatem
1083 2967 1114 3033 iu
1131 2967 1309 3054 Opsiciana,

232 3091 323 3158 quam
342 3083 463 3150 vocant,
482 3069 579 3136 asiae
597 3071 721 3136 minoris
739 3069 874 3155 regione,
901 3093 955 3158 per
974 3068 1113 3158 Abydum
1133 3070 1308 3156 translatas,

232 3172 404 3240 collocavit.
444 3175 528 3240 luter
546 3197 610 3258 eoo,
632 3197 707 3261 quos
727 3174 942 3257 transfretavit,
962 3188 1048 3242 erant
1067 3175 1191 3260 triginta
1210 3177 1309 3244 millia

232 3293 423 3346 armatorum.
464 3281 539 3345 (lum
567 3278 615 3345 his
635 3279 794 3345 concinunt
813 3281 1016 3368 Theophanes
1035 3278 1214 3364 (chronogr.
1235 3301 1308 3368 pag.

233 3384 306 3450 3⁰3.
321 3381 394 3450 884.
415 3381 465 3450 etl.
484 3382 615 3468 Paris.);
637 3385 792 3453 Cetlrenus
812 3384 935 3470 (histor.
956 3377 987 3473 p.
1006 3382 1078 3450 441.
1101 3383 1149 3450 etl.
1170 3384 1309 3467 Paris.);

232 3490 370 3556 zonam
389 3489 508 3570 (annal.
528 3489 583 3556 lib.
605 3487 655 3573 14,
675 3493 756 3571 22).

313 3594 432 3664 l‘artem
452 3608 550 3659 tamen
571 3593 677 3662 horum
697 3587 905 3660 Sclarinnrum
927 3590 957 3658 in
978 3591 1075 3680 patria
1094 3611 1149 3656 sua
1170 3590 1307 3655 relictam

232 3695 338 3780 luisse,
359 3711 485 3764 testatur
499 3700 714 3766 Constantinus
730 3693 1006 3790 Porphyrugenitus
1026 3697 1058 3762 in
1080 3696 1158 3762 libro
1179 3697 1217 3759 dc
1240 3693 1309 3758 the·

233 3802 363 3868 maribus
376 3803 408 3885 2,
421 3803 472 3870 3.r
499 3805 618 3891 Τρίτον
640 3811 740 3893 hepo,
762 3802 971 3892 Στρυμόνος.
1018 3799 1064 3872 Τὰ
1086 3807 1119 3870 δὲ
1138 3809 1229 3887 ὓέμα
1249 3805 1309 3868 τοῦ

233 3905 432 4000 Στρυμόνος
454 3916 956 4007 spumantemamnem,
985 3915 1039 3980 aul
1061 3909 1211 3996 οὐδαμοῦ
1233 3905 1307 3974 ruri·

234 4039 293 4086 rou
318 4014 414 4104 λόγος
441 4023 509 4092 s'orl
535 4030 607 4117 περὶ
628 4029 794 4112 nepetae,
823 4019 898 4092 ἀλλ’
917 4018 970 4101 ἐἰς
995 4017 1182 4110 κλειοοὺρος
1211 4015 1304 4100 τάξιν
