2846 4770
201 423 207 436 ·
270 393 414 447 mxu
639 389 951 468 PROHJGOMENA·

276 529 295 598 .’
347 547 448 626 Atque
467 538 544 603 baec
559 538 691 604 maxima
705 542 813 606 summi
827 537 966 606 Numinis
980 532 1129 608 beneficia
1142 539 1339 608 Thessaloni-

268 645 409 716 censibus
422 645 501 710 risa.
532 642 645 727 Major,
666 659 808 728 quamtum
824 667 882 728 ego
897 643 1047 729 intelligo,
1068 662 1198 731 sequens
1212 645 1279 712 sive
1291 650 1341 714 iar·

267 771 364 820 torum
381 746 599 838 opportunitas,
618 746 686 811 sive
699 747 925 831 magistratuum
940 744 1254 820 thessalonicensium
1271 769 1342 838 pru-

267 855 401 928 detttiess
422 857 592 918 Pertotum
613 851 693 940 epim
712 852 878 917 obsidionis
893 854 1054 918 decursum
1072 859 1123 934 (ea
1139 852 1205 920 dies
1219 857 1342 942 'trigime

236 980 240 986 ’
265 943 419 1051 implevit)¹
440 955 573 1042 quotidie
598 955 712 1040 ubsque
733 955 953 1058 intermissione
974 981 1063 1044 qnam
1083 960 1230 1046 plurimae
1250 985 1342 1027 neves

265 1062 490 1144 frumentariae,
510 1059 550 1125 ud
570 1059 674 1124 urbem
695 1060 828 1142 deletae,
843 1057 899 1144 ⁶7)
919 1075 1038 1148 portum
1054 1082 1174 1128 'omrem
1194 1079 1225 1128 et
1238 1065 1343 1151 proxi-¹

264 1196 331 1240 mes
345 1171 429 1235 sinus
445 1164 616 1231 Tlrermeici
632 1180 732 1250 partes
750 1153 924 1251 implebant.
964 1170 1088 1232 Praeter
1109 1171 1289 1234 frumentum
1307 1191 1343 1236 ee

264 1275 390 1360 navigia
409 1271 511 1358 copies
531 1269 674 1350 navales,
703 1269 876 1335 bellicorum
896 1273 1101 1338 machinarum
1120 1272 1250 1358 peritis,
1270 1273 1341 1340 item

191 1432 194 1444 .
264 1393 411 1448 tormonte
428 1373 631 1454 advehebant,
651 1374 909 1457 incertum‚'unde
925 1377 1071 1462 proiecte.
1111 1377 1205 1442 Certe
1224 1401 1284 1444 nou
1304 1403 1343 1444 ex

264 1485 339 1552 urbe
358 1479 444 1566 regia
465 1471 736 1563 Constantinopoli.
752 1481 804 1559 ⁶⁸)
846 1465 1049 1546 Baiberorum
1074 1482 1153 1548 ‘enim
1182 1483 1343 1550 adventum

263 1587 503 1678 Byzantiuornm
521 1605 558 1646 es
573 1595 748 1669 tempestate
764 1585 926 1670 imperator
941 1579 1112 1670 ignorabet.
1152 1590 1181 1650 Δ
1197 1607 1257 1670 quo
1272 1589 1343 1652 tuis·

264 1717 316 1758 sus
344 1691 515 1777 praelectus
539 1687 738 1774 (ὕπαρχος),
769 1689 889 1754 nomine
914 1689 1060 1770 Glrerias,
1090 1689 1231 1757 Cornelio
1255 1696 1342 1780 Byeo

263 1798 399 1882 mihique
425 1793 546 1861 aliunde
570 1818 630 1858 non
651 1794 805 1878 cognitus,
837 1793 1024 1858 obsidionem
1046 1817 1106 1858 non
1125 1808 1196 1860 ente
1214 1795 1342 1879 audivit,

264 1917 353 1987 quom
379 1899 412 1963 in
432 1900 499 1985 ipso
518 1897 602 1963 'urbis
620 1915 792 1984 conspectu.
837 1904 868 1964 ls
885 1898 997 1984 igitur,
1023 1899 1055 1963 in
1075 1912 1193 1985 portum
1213 1899 1343 1982 delatus,

264 2029 331 2071 cum
351 1991 503 2069 'civitatem
522 2003 674 2084 intrasset,
695 2019 858 2092 precesque
878 1997 1080 2070 &Demetrio
1099 2003 1130 2069 iu
1149 2004 1215 2088 ejus
1229 2007 1342 2091 'templo

257 2109 440 2198 obtulisset,
470 2132 536 2173 cum
567 2109 692 2175 ermetis
717 2108 835 2174 moenia
861 2107 1033 2174 conscendit
1058 2109 1149 2188 (Art,
1174 2111 1234 2175 SSs
1263 2111 1299 2176 1.4
1314 2133 1341 2178 c.

262 2203 333 2302 cup.
354 2215 426 2277 177.
448 2205 548 2294 lte).

336 2323 379 2384 Ι1η
398 2311 459 2386 irae
471 2322 630 2388 obsidione
645 2311 769 2404 (singuli
783 2316 862 2399 dies,
883 2329 916 2379 tat
932 2321 1032 2400 antea,
1050 2331 1112 2382 tron
1128 2321 1343 2396 memorentur)
1404 2393 1405 2400 p

264 2425 419 2486 tormentis
439 2421 601 2491 lrostilibns
622 2441 760 2490 eventum
782 2445 841 2486 uon
861 2420 1054 2506 respondisse
1074 2422 1164 2487 video
1185 2424 1273 2498 tte,
1285 2425 1343 2488 SS.

262 2527 286 2591 l.
308 2549 335 2592 c.
354 2549 422 2612 cap.
446 2530 546 2609 179.).
586 2523 723 2594 Tandem
745 2522 883 2605 barbari,
912 2525 974 2588 vim
995 2541 1079 2590 sueto
1098 2522 1265 2592 invalidam
1286 2551 1344 2590 ex·

262 2631 356 2716 perti,
384 2645 416 2695 ut
442 2655 508 2696 cum
535 2621 751 2698 donisvseltem
770 2627 1006 2711 dimitterentur,
1033 2631 1231 2717 postulatum.
1274 2633 1345 2709 Qua

262 2734 406 2818 petitione
432 2733 513 2800 lreud
539 2736 688 2818 admissa,
716 2747 799 2798 more
820 2752 875 2796 suo
895 2731 978 2799 cives
999 2731 1270 2817 u‘rbiseustoditt'nt
1292 2755 1347 2798 cu·

261 2859 385 2922 remque
398 2840 547 2924 'agebant
588 2840 646 2905 llis
661 2834 863 2905 exacerbatus
883 2833 1050 2904 bearorum
1070 2838 1214 2926 princeps.
1230 2839 1347 2924 templa

276 2967 521 2993 ἐ--ῌ--η-

264 3041 268 3054 ’
296 3048 349 3111 67)
366 3047 437 3101 Aeta
460 3050 482 3102 l.
504 3066 529 3105 c.
553 3067 614 3121 cop.
637 3054 696 3104 177.
724 3048 775 3101 ed·
825 3043 903 3100 enim
929 3057 1034 3116 naves,
1069 3054 1087 3102 e
1113 3045 1239 3102 civicos·
1255 3052 1348 3100 noctu

260 3130 346 3186 dttutt
370 3129 417 3194 ἘΞ
428 3123 553 3209 ἅοράὲων
567 3143 598 3204 {e
611 3124 682 3192 locis
699 3132 774 3188 iovi·
824 3130 964 3202 emissas,
976 3129 1102 3188 interdiu
1122 3129 1246 3186 rediisse
1263 3129 1347 3186 ‹liee-

258 3215 418 3290 eiba'lr'bus).
452 3229 473 3280 1.
489 3241 516 3280 e.
533 3223 707 3298 (secumdum
727 3236 774 3276 sa·
822 3218 902 3272 baut.
938 3219 1070 3272 Ceterum
1087 3215 1214 3272 natrcleri
1230 3233 1346 3286 eorum,

223 3295 235 3308 ‘
257 3319 325 3357 uram
346 3305 622 3380 interpretationem)
651 3323 692 3360 ex
718 3305 773 3359 im·
822 3301 985 3358 volentibus
998 3300 1240 3371 Actis,‘diviuum
1255 3301 1348 3358 miro·

257 3390 377 3458 proviso
407 3404 492 3469 atque
516 3392 690 3468 inopinotp,
728 3407 770 3445 sc.
823 3388 919 3442 culum
933 3386 1142 3457 praedicantes,
1157 3385 1348 3458 ebirreogui·

113 3492 119 3506 ⁸
171 3503 175 3514 ι
258 3469 441 3532 mrrltittrdine
451 3481 506 3534 boc
517 3495 576 3533 nou
586 3474 774 3548 praesciente.
823 3479 852 3527 tc
874 3471 950 3543 ipsis
976 3474 1144 3530 cancellario
1171 3477 1350 3548 (auresue-

214 3603 218 3613 .
294 3566 322 3611 tt
329 3571 340 3626 t
358 3558 443 3616 ltelos
460 3562 628 3634 praesertim
648 3561 775 3617 Siculos·
823 3561 897 3634 pios)
915 3547 952 3612 'ad
970 3553 1027 3612 iter
1046 3553 1179 3616 itteitetos
1204 3579 1238 3618 se
1255 3565 1349 3636 proli·

258 3661 314 3715 que
330 3656 504 3702 mercatores
520 3647 610 3702 scrisse
626 3653 707 3718 puto,
726 3645 775 3716 qui
822 3651 965 3716 sobonem,
980 3662 1103 3716 euinque
1118 3649 1147 3700 S.
1158 3650 1350 3707 Demetrium

256 3730 327 3785 lucri
360 3725 484 3786 faciendi
513 3745 598 3786 eetrsa
628 3730 774 3786 civitatem
823 3751 907 3803 esse,
940 3729 1076 3802 quoniam
1104 3735 1232 3788 secunda
1266 3735 1348 3807 ipsis

256 3817 332 3871 bello
362 3815 534 3890 exagitatam
560 3824 773 3888 peropportune
820 3815 963 3890 rravigetio
982 3814 1231 3888 obtigissettdd.
1251 3823 1350 3880 ssd.

257 3898 382 3958 edibeut.
426 3902 491 3958 Alia
517 3909 612 3957 tarnem
642 3902 772 3973 ipsorum
821 3903 1033 3975 e.cep.177.).

256 3986 382 4044 hostium
412 3987 609 4062 interpretatio
635 3987 704 4044 luite
733 3989 772 4045 lli
