2834 4772
268 285 350 362 ffli-
427 295 433 306 '
498 305 502 316 ⁴
691 320 903 376 suesausx.
1252 317 1360 412 [cn.

335 555 383 634 a.
418 521 678 648 monumen
702 561 754 652 m
777 563 972 683 umums
995 569 1291 670 nuscanum.

738 729 908 744 *u—

217 884 219 900 -
266 855 295 920 1.
336 851 800 958 m1cflsus1surususa,
838 859 1172 935 Mauaorusmsa
1211 873 1355 942 Ams-

223 953 225 960 ·
588 955 768 1061 assasse,
799 964 1010 1035 munuum.

257 1171 278 1186 ,,
342 1117 470 1200 Quando
484 1117 660 1184 Eustathius
680 1118 757 1184 diem
779 1120 897 1204 obierit,
918 1127 1036 1195 nescire
1049 1152 1096 1197 me
1116 1156 1211 1221 supra
1232 1161 1268 1226 p.
1279 1143 1351 1212 ³5³.

115 1249 119 1256 =
262 1222 417 1290 uunlessus
438 1243 514 1286 sum.
554 1223 645 1287 Anne
666 1223 746 1291 1194
772 1225 804 1290 id
825 1227 934 1293 sactum
955 1254 1039 1316 esse,
1067 1238 1174 1306 nauus
1195 1247 1348 1328 quaeda-

191 1347 194 1357 *
261 1325 396 1414 literaria
422 1348 439 1390 a
467 1305 568 1413 culice
593 1325 795 1396 bibliothecae
815 1331 1012 1402 Scurialeasis
1032 1341 1124 1424 petitu
1143 1348 1281 1416 suadere
1303 1353 1349 1418 vi·

259 1436 357 1499 slelur.
405 1429 556 1496 Videatur
586 1427 676 1520 hujus
708 1429 908 1508 bibliothecae
943 1444 1099 1531 catalogus
1136 1471 1217 1532 ma.,
1254 1479 1346 1544 open

259 1535 429 1605 Alexandri
448 1532 604 1600 Basvuetii
625 1535 782 1616 (Madet
808 1539 846 1603 de
869 1539 1059 1613 bibliothecis
1080 1565 1170 1638 atqua
1191 1559 1341 1628 archivis.

227 1683 229 1690 ν
260 1644 318 1710 Ed.
331 1645 382 1706 Χ11.
411 1639 540 1706 Helmst.
561 1639 652 1703 17⁰2.
673 1663 705 1728 p.
726 1641 837 1723 1370:
867 1645 1008 1727 „ibidem
1028 1655 1182 1722 Eustathii
1203 1662 1342 1730 Thessa·

220 1740 226 1788 :¹
256 1745 418 1816 lunicensis
443 1742 659 1831 archiepiscopi
688 1746 782 1810 uratiu
811 1749 850 1812 ad
878 1772 950 1834 eus,
979 1757 1031 1840 qui
1055 1757 1088 1823 in
1112 1765 1228 1851 templu
1257 1787 1339 1838 erant

195 1850 199 1862 ’
256 1857 291 1920 S.
307 1850 520 1940 Myrublytae,
541 1847 563 1914 i.
585 1871 613 1913 e.
636 1851 669 1914 S.
688 1850 851 1934 Demetrii,
873 1854 1019 1946 principia
1037 1860 1230 1951 indictionis,
1263 1897 1337 1942 anns

212 1963 214 1970 ’
254 1957 357 2023 mundi
379 1956 489 2037 6703.;
518 1953 638 2040 aliaque
660 1943 791 2040 'plurima
816 1958 949 2041 ejusdem
976 1979 1006 2028 et
1032 1967 1157 2035 alierum
1180 1975 1333 2064 quinqua·

127 2109 133 2120 .
205 2140 211 2149 ι
252 2061 336 2146 ginta
356 2059 419 2124 fere
439 2072 606 2139 aucturum3
631 2058 685 2122 sed
706 2059 839 2140 ejusdem
859 2084 954 2148 paene
974 2091 1076 2136 umnes
1096 2078 1207 2142 aetatis
1228 2103 1270 2148 ac
1290 2085 1331 2149 is·

251 2166 347 2246 rinae,
367 2162 391 2228 i.
406 2186 435 2228 e.
457 2163 602 2227 Graeciae
622 2161 789 2228 deficientis
808 2166 935 2233 miserae
949 2173 1105 2260 reliquiae,
1128 2203 1264 2264 querum
1281 2213 1332 2254 ns.

250 2268 331 2334 mina
351 2280 452 2354 utputa
473 2265 601 2331 barbara
621 2265 692 2332 mihi
710 2291 770 2332 nun
790 2271 889 2336 emnia
905 2295 1073 2362 occurrunt,
1092 2306 1150 2349 nec
1163 2309 1246 2354 veru
1263 2315 1333 2380 cpe·

134 2349 135 2362 ¹
248 2395 301 2438 rae
329 2373 455 2457 pretium
482 2377 540 2435 est
555 2393 644 2436 nesse
668 2384 720 2435 aut
746 2393 896 2458 apponere
917 2379 1003 2464 [num
1026 2383 1150 2453 Graeca
1168 2393 1284 2476 leges-e
1301 2412 1330 2464 et

246 2474 450 2560 interpretari
467 2475 566 2540 ualuit
584 2475 644 2539 iste
661 2475 749 2539 bumu
770 2477 1041 2568 Buruuets'usi].“

324 2577 440 2642 Ibidem
460 2601 491 2664 p.
513 2577 574 2641 139
590 2600 655 2662 sq.=
693 2583 869 2662 „Eustatbii
894 2587 1172 2664 Thessalonicensis
1203 2603 1324 2672 anchis·

242 2681 358 2770 piscupi
378 2684 473 2746 uratiu
492 2680 531 2744 ad
546 2679 725 2746 Michaelem
741 2684 943 2774 Stathmirem,
963 2699 1160 2766 saccularium
1182 2719 1217 2770 et
1235 2709 1324 2778 chn-

196 2807 203 2887 r:
242 2787 449 2874 tuplsylacesn,
476 2782 557 2867 quud
576 2779 667 2869 saepe
687 2808 752 2851 cum
773 2791 911 2858 melodiis
931 2799 1084 2868 celebrare
1103 2804 1241 2878 debeant
1260 2838 1323 2882 ιο-

168 2909 198 2968 -5
242 2889 365 2956 muriam
386 2889 520 2977 martyrii
540 2893 574 2956 S.
592 2894 747 2959 Demetrii.
769 2900 808 2962 Z.
823 2901 864 2964 ll.
887 2900 918 2964 9.
938 2923 970 2986 p.
985 2905 1061 2971 17.“

192 2985 197 3030 3
317 2992 449 3077 „Oratio
473 2993 506 3059 in
530 2995 676 3084 principie
702 3001 958 3086 quadragesimae.
999 3009 1098 3076 lbid.=
1125 3012 1158 3078 in
1178 3015 1319 3090 fatalitas

235 3097 342 3164 faciles
370 3098 411 3163 acl
429 3096 588 3165 ineundam
607 3101 784 3187 amicitiam,
812 3121 845 3192 et
860 3107 891 3173 in
911 3113 1116 3180 conservanda
1136 3123 1314 3195 mutabiles.

176 3187 180 3192 ⁶
234 3203 287 3269 Ad
308 3201 452 3285 amicum,
479 3202 532 3290 qui
556 3226 623 3270 eum
643 3204 733 3272 tacite
752 3222 888 3295 taxamt,
916 3228 974 3282 etc.
1013 3219 1238 3304 argmenta·
1265 3231 1316 3298 fu-

215 3305 382 3390 .lile[?].“

303 3410 446 3493 ·„0ratiu
471 3408 510 3474 sle
534 3411 649 3478 lectura
668 3413 808 3504 principii
827 3419 932 3508 hymni
950 3422 1032 3492 illius
1051 3432 1131 3515 apud
1153 3437 1312 3507 enecant

135 3535 146 3548 ⁸
233 3514 428 3601 Μυστήριον
449 3512 539 3596 §subu
558 3529 615 3582 etc.
657 3520 705 3582 De
723 3518 923 3608 simplicitate,
943 3550 1028 3613 pace,
1050 3534 1260 3608 moderatius·
1279 3559 1311 3612 st

228 3645 285 3688 usa
310 3621 482 3687 divitiamm
511 3620 795 3706 ecclesiasticarum,
830 3642 860 3692 et
886 3629 1011 3698 aliarum
1039 3659 1307 3733 quarumcumque,

230 3742 261 3792 et
286 3741 389 3791 centra
408 3724 508 3790 edium
528 3725 743 3795 irrationabile.
783 3732 1008 3803 De'tlilectiuns
1027 3755 1058 3806 et
1076 3749 1237 3836 anamaysi
1262 3753 1306 3838 (1.

228 3829 400 3910 anamnesi)
425 3829 554 3896 recentis
580 3843 650 3894 tunc
674 3833 869 3903 confusionis.
908 3841 1047 3930 Epitume
1075 3871 1194 3934 cusu,
1221 3875 1303 3941 qus

227 3932 269 3998 ad
287 3931 520 4019 archipraesulis
538 3931 714 4022 dignitatem
733 3945 907 4026 spactant.“
