2834 4772
84 383 157 476 m]
290 405 969 464 ουενιτιιιυενιιεεειιονιουνειε.
1092 399 1187 475 429,

83 587 157 650 τωρ
177 561 229 626 ἐπὶ
248 561 318 626 πᾶν
332 557 463 658 όθνος,
504 551 591 628 οδτω
610 562 665 625 καλ
685 559 704 626 ό
724 560 959 649 νατηχητήριος
979 573 1097 650 ἐκεῖνος
1116 578 1169 644 ἐπὶ

82 672 220 750 πάντας
244 667 379 754 λόγους,
411 664 461 748 οἷς
487 669 735 754 άπονινὲμηται.
778 662 863 754 Ἐγώ
890 675 946 738 καὶ
972 670 1015 754 ὡς
1042 677 1168 769 κόσμον

85 779 194 850 αὐτόν
221 776 387 864 ἐθεώρουν
416 781 592 864 βασιλικοῦ
619 773 841 862 διαδήματος,
885 771 983 869 οὗπερ
1014 785 1073 854 οὐκ
1099 791 1167 860 ἔστι

92 894 227 960 θέσθαι
251 892 391 974 τίμημα.
426 884 664 980 Ἐφωοφόρουν
686 891 721 954 ἐν
742 888 835 981 αὐτῷ
856 893 888 957 οἱ
908 897 981 979 περὶ
1000 902 1057 976 τῆς
1076 894 1170 985 άρχι.

91 994 208 1094 φάτου
229 991 362 1083 τριάδος
382 993 476 1078 λόγοι
498 997 540 1074 ὥς
561 995 722 1066 διάλευκοι
742 996 922 1086 μάργαροι.
969 995 1171 1090 Ἐξὲλαμπον

94 1103 141 1186 ὡς
161 1108 206 1185 τίς
226 1101 430 1191 πυραάγειαν
451 1101 624 1192 ι’ίνθρακος
647 1106 687 1171 τά
704 1111 762 1189 τῆς
783 1105 881 1184 θείας
900 1107 1072 1194 τοῦλόγου
1089 1138 1172 1203 σαρ.

87 1214 232 1296 τάσεως,
254 1210 292 1281 όν
312 1213 436 1298 τρόπον
455 1217 563 1300 ἕτερον
584 1218 638 1281 καί
656 1214 800 1291 Ἡσαΐας
819 1211 979 1303 ἄνθρακα
999 1217 1174 1309 ἐθεώρησε.

97 1325 148 1394 Τό
175 1325 209 1390 ἐν
234 1319 340 1408 βάθει
368 1323 431 1388 τῶν
456 1323 631 1411 νοημάτων
651 1326 811 1416 διαφανὲς
834 1322 876 1402 ὡς
897 1327 1047 1411 λυχνίτης
1068 1324 1172 1412 ὑπηύ-

88 1437 208 1524 γαζεν,
237 1426 274 1510 ός
302 1427 368 1498 οἶδε
393 1439 621 1520 κατοπιγειρεῖν
649 1433 707 1517 τῆς
736 1427 868 1512 νυκτός,
898 1436 1106 1519 πυρεκβολιόν
1134 1445 1168 1506 ἐκ

91 1539 231 1632 βάθους
258 1539 318 1626 τὴν
348 1541 593 1632 φωτοφάνααν.
635 1538 858 1628 Ἕταπείνους,
887 1545 1051 1628 βασιλέων
1076 1539 1173 1634 ὑπέρ-

93 1679 192 1733 τατε,
215 1645 370 1728 σεαυτόν,
391 1656 446 1717 καὶ
470 1649 553 1719 οὕτω
574 1646 612 1718 τό
631 1648 691 1719 σὸν
709 1650 853 1735 ὕψιστον
873 1658 916 1728 τίς
937 1654 1074 1718 ἔνατόν
1093 1658 1173 1721 πολ-

94 1762 163 1828 λῶν
179 1757 400 1842 κατεβίβαζες·
422 1763 475 1825 καί
494 1746 535 1843 ἦν
552 1765 650 1826 τοῦτο
671 1763 705 1825 δὲ
721 1768 842 1846 χρυσέα
861 1758 1050 1844 στιλβηδών,
1072 1763 1173 1850 άραΐ·

94 1873 199 1952 ζουσα
222 1861 267 1932 τό·
281 1861 435 1950 διάδημα.
468 1869 537 1933 Καί
562 1865 627 1953 γάρ
653 1893 703 1933 τοι
726 1873 781 1933 καί
811 1862 829 1933 ό
848 1865 971 1956 χρυσός
993 1871 1082 1936 θέλει
1101 1877 1173 1956 μὲν,

95 1979 186 2061 εἴπερ
211 1999 259 2051 τις
283 1974 374 2058 ἑτέρα
400 1980 463 2040 τῶν
489 1977 604 2060 τιμίων
629 1972 736 2055 ὑλῶν,
758 1973 847 2043 ιιάτω
874 1983 1056 2070 φέρεσθαι·
1089 1976 1173 2046 α’να-

95 2085 219 2170 στίλβει
244 2084 278 2148 δὲ
303 2080 391 2165 ὅμως
418 2079 462 2160 εἰς
487 2080 547 2169 τὴν
570 2079 656 2168 άγαν
677 2081 903 2170 λαμπρότητα.
950 2079 993 2151 Ὦ
1013 2086 1173 2172 γλυκύτης

95 2196 234 2282 όμιλίας.
254 2181 298 2256 Ὦ
319 2193 458 2267 πλοῦτος
479 2188 723 2276 ἐπιχειρήσεων..
736 2185 779 2258 Ὦ
796 2191 972 2278 νοημάτων
984 2197 1105 2280 βυθός,
1125 2224 1175 2265 τι-

95 2304 248 2387 θεμένων
275 2295 412 2376 σκότους
438 2298 636 2389 άποκροφην
661 2305 707 2384 τῷ
726 2299 914 2392 βαθυτάτῳ
937 2307 995 2388 τῆς
1016 2302 1173 2387 γνώσεως.

86 2400 138 2481 Ὦ
161 2408 315 2498 ῥημάτων
338 2415 421 2498 φῶς,
450 2408 624 2492 διαυγάζον
644 2405 681 2474 τό
699 2408 814 2494 βάθος
841 2411 903 2474 τῶν
922 2414 1107 2496 νοουμένων
1127 2417 1174 2500 τῷ

95 2515 228 2610 ἠλιάδει
250 2500 493 2605 τῆςφράσεως.
517 2503 561 2582 Ὦ
585 2517 718 2600 γλῶσσα
743 2521 858 2602 πυρίνη
883 2517 1080 2604 πνεύματος,
1112 2547 1174 2608 με·

4 2637 6 2644 ’
96 2631 249 2720 ριζομὲνη
267 2631 326 2711 μὲν
348 2627 514 2702 ποικίλως,
547 2621 698 2699 ἑκάσταις
722 2625 756 2689 δὲ
780 2633 902 2714 ψυχαῖς
922 2627 1006 2694 καθ’
1030 2624 1172 2713 όλότητα

96 2733 359 2830 ἐναρμόττουσαν,
387 2731 475 2797 ἔνθα
496 2736 549 2797 καί
570 2735 665 2798 πλέον
691 2735 791 2799 ἔκειτο
816 2732 853 2798 τό
876 2733 994 2815 ξενίζον
1014 2743 1073 2803 τοῦ
1090 2735 1175 2826 πρά-

96 2871 243 2936 γματος,
265 2844 319 2908 καλ
340 2841 434 2907 πλείω
459 2838 501 2905 τά
526 2845 585 2906 τοῦ
606 2840 786 2926 θαύματος
811 2841 866 2908 διά
888 2841 948 2926 τὴν
969 2840 1175 2932 ἶδιοτροπίαν

96 2956 160 3026 τοῦ
189 2948 366 3040 κράματος.
416 2946 462 3016 Οὐ
484 2937 555 3035 1γάρ
589 2959 656 3026 τοῖς
690 2953 762 3036 περὶ
793 2946 909 3036 λόγους
936 2948 1048 3040 μὲνό
1078 2953 1177 3038 λόγος

96 3073 218 3139 ἐκεῖνος
239 3046 280 3140 ίγν
303 3051 491 3146 εὐπρόσιτος
498 3104 508 3136 ,
543 3057 672 3138 ἐξέκλειε
695 3058 729 3122 δὲ
753 3056 811 3136 τὴν
832 3056 1027 3147 ίδικωτὲραν
1051 3058 1177 3146 άκρόα-

99 3161 182 3240 σιν·’
207 3159 249 3236 αὖ
272 3163 372 3234 πάλιν
393 3166 554 3255 ἐφείλκετο
576 3171 637 3234 ιιὲν
659 3161 717 3230 τόν
737 3160 961 3253 άπλοόστερον
982 3165 1177 3252 ἄνθρωπον,

100 3275 121 3350 ό
151 3279 184 3346 δὲ
209 3277 268 3344 τού
292 3273 393 3360 λόγου
418 3269 579 3364 τρόφιμος
606 3276 707 3356 μηδὲν
735 3275 864 3340 ἐκεῖθεν
887 3273 968 3361 ἔχων
994 3273 1174 3362 άπήργετο·

102 3382 182 3457 οόδέ
203 3382 241 3453 τό
259 3385 320 3470 μέν
339 3407 370 3450 τι
389 3382 448 3448 τοῦ
466 3377 565 3465 λόγου
584 3377 711 3459 τούτοις
731 3389 774 3460 είς
791 3380 920 3474 ίίφελος,
942 3380 979 3453 τό
998 3381 1033 3466 δ’Ι
1049 3391 1180 3466 ἐκείνοις

101 3495 322 3582 άπεμερίζετο.
366 3487 463 3559 Ἀλλά
486 3493 540 3557 καί
563 3485 600 3556 τό
625 3488 730 3556 καλόν
753 3489 920 3575 όμοτίμως
941 3496 1038 3561 παντί
1060 3501 1107 3586 τῷ
1124 3490 1180 3560 λό-

102 3629 155 3692 γῳ
178 3603 348 3688 ὲνίλαμπε,
381 3604 436 3667 καί
465 3593 555 3676 άπας
581 3591 787 3681 άκροιόιιευος
814 3591 893 3668 δλου
919 3588 960 3688 ἦν
984 3610 1043 3669 τοῦ
1065 3603 1180 3668 καλοῦ.

98 3707 241 3800 Ἕχοαεν
269 3715 376 3776 τοίνυν
397 3704 453 3775 διὰ
476 3713 581 3774 ταῦτα
605 3700 786 3790 ὑπόδειγμα
811 3713 866 3774 καί
894 3711 989 3775 τοῦτο
1012 3705 1183 3795 κράματος

106 3816 203 3887 ἰδεῶν
234 3815 532 3899 δυσκατεργάστου,
569 3816 849 3898 τεθρυλλουμένου
879 3829 948 3894 τοῖς
978 3815 1185 3910 γράφουσιν,

108 3920 190 4010 ὅπερ
216 3925 285 3993 ἔστι
313 3922 352 3992 τὸ
377 3927 572 4008 συναγαγεῖν
596 3918 639 3997 είς
663 3914 701 3987 ἓν
727 3921 901 4007 νοημάτων
924 3921 1107 4007 σεμνότητα
1130 3929 1186 3990 καλ

108 4031 311 4116 λεπτότητα,
340 4035 396 4101 καλ
420 4033 469 4120 τρῖ
495 4034 555 4099 τοῦ
581 4028 679 4116 λόγον
701 4026 864 4121 ἐξάρματι
886 4033 1101 4120 ἐγκαταμίξαι
1125 4028 1186 4112 τὰς
