2824 4770
456 373 764 434 Wlfflllllfflffl·
866 426 870 434 ,
1080 373 1154 430 Ltlt

80 525 137 592 lun
156 520 382 610 emotum,
413 543 455 592 ιι
471 545 516 597 ou
539 521 627 599 linito
655 519 824 590 Mediolani
847 513 968 604 spari,
992 525 1155 594 elnam

44 691 49 710 ,
80 653 134 696 nos
153 631 228 697 satis
252 628 443 714 intelligitur.
490 628 612 694 ushan
638 641 737 693 autom
763 625 972 712 Euganisnum
996 627 1031 693 in
1057 649 1154 694 sums

78 735 143 800 393.
162 730 236 801 394.
257 732 372 802 incidit.
410 717 555 818 idemque
574 731 689 798 hellum
708 754 774 796 cum
794 728 965 820 uenatione
985 731 1154 824 Thessalo·

77 839 187 906 nicensi
199 837 389 926 Nicephorus
401 836 547 908 Callistus
563 837 586 902 Ι.
603 859 631 904 c.
641 836 763 922 jungits
783 858 880 922 neque
893 849 970 916 mat,
990 837 1071 922 quod
1085 838 1154 922 ejus

77 943 193 1028 quidam
212 942 391 1028 interpretes
407 941 545 1030 lingerio
564 941 596 1006 in
614 956 701 1008 textu
713 938 878 1027 Nicephori
891 938 1060 1010 Maximum
1077 942 1153 1009 suh-

76 1047 245 1130 stituercnt,
275 1069 444 1133 quanquam
470 1047 502 1114 iu
522 1047 584 1123 line
604 1032 785 1112 narrationis
803 1049 892 1133 (esp.
914 1045 988 1130 41.)
1008 1049 1153 1118 Theoda-

74 1151 131 1228 sius
158 1149 269 1216 deinde
289 1151 569 1240 Constantinopolin
596 1173 738 1218 reversus
764 1171 832 1214 essa
860 1147 988 1234 dicitur,
1019 1154 1100 1237 quod
1119 1154 1153 1224 in

74 1279 180 1324 annum
215 1254 268 1338 lais
296 1255 476 1322 astomorum
504 1256 651 1322 cecidisse
681 1251 840 1342 putabant,
887 1253 1031 1322 Ultimum
1058 1273 1152 1328 reeta.

45 1403 49 1414 =
73 1365 144 1428 Nam
165 1385 184 1426 e
206 1360 380 1429 Mediolano
399 1375 469 1450 post
485 1353 694 1447 Eugeniuuum
715 1358 826 1424 hellam
843 1357 1050 1426 Theodosium
1067 1363 1152 1428 Cou-

72 1466 283 1554 stantinopolin
301 1489 456 1538 reuersum
476 1489 537 1532 non
554 1464 659 1538 audivi
677 1461 807 1544 (evivis
823 1460 1151 1548 attenuantes).

72 1553 258 1654 Quodjrero
279 1571 366 1658 ,opud
388 1571 558 1648 cedrenum
582 1569 844 1658 Nicephorumqua
867 1566 1027 1632 Callistum
1054 1568 1078 1634 l.
1103 1591 1151 1651 c.,

71 1674 291 1754 Mediolanensi
304 1674 451 1762 obsequio
467 1674 656 1764 imperatoris
669 1695 812 1764 perquam
823 1670 939 1753 simile,
959 1671 1069 1758 legitur
1084 1677 1153 1751 (ae-

71 1778 179 1848 et'disso
193 1779 455 1868 Constantinopoli
475 1785 632 1864 marmot),
653 1778 684 1845 id
703 1777 768 1843 lero
789 1775 863 1841 cleri
883 1776 1050 1865 Byzantini
1070 1800 1153 1842 com·

68 1899 196 1950 mentum
217 1909 284 1951 esso
305 1885 457 1967 existimo,
479 1884 530 1972 qui
549 1880 763 1973 poeniteutiam
778 1880 922 1968 principis
938 1883 1154 1949 Mediolanen-

66 2011 125 2053 sem
141 1989 205 2055 suis
219 2014 338 2078 quoque
352 1977 583 2078 imperatoribus
601 1985 878 2058 commendabant..
894 1984 1035 2072 Denique
1054 1985 1154 2072 legem

65 2093 244 2175 Theodosii,
264 2110 332 2184 post
351 2095 562 2182 poenitentiam
583 2093 649 2186 ejus
669 2107 746 2161 teste
766 2095 879 2160 Rufino
900 2093 1030 2179 aliisque
1048 2092 1153 2174 latam,

65 2196 116 2282 qui
136 2197 169 2263 in
189 2198 404 2265 Theodosiano
419 2198 532 2266 Codice
552 2196 613 2262 sibi
630 2196 786 2261 invenisse
805 2195 1002 2283 videntur,ii
1022 2197 1154 2283 diligen·

63 2301 125 2370 tius
147 2323 216 2384 eum
237 2300 335 2390 ipsum
356 2302 504 2389 inspicere
525 2300 695 2388 dehebant,
723 2322 812 2384 quam
832 2301 988 2386 Historiae
1007 2303 1154 2369 ecelesia·

64 2402 162 2472 atinae
184 2403 350 2492 tripartitae
369 2423 475 2486 auctor
494 2404 694 2487 Cassiodorus
712 2400 769 2469 lib.
790 2406 842 2486 10,
863 2407 907 2488 3.,
928 2410 985 2475 all.
1014 2411 1152 2494 Namque
1184 2407 1187 2414 ’

64 2495 351 2597 οοιιιίῐυιῑὸ’ὶιιρρ.
373 2509 522 2598 Gratiani,
543 2506 711 2575 Theodosii
724 2523 754 2572 st
765 2509 904 2593 Arcadii,
925 2514 1074 2580 Floriano
1088 2517 1150 2582 Pl’.

61 2613 179 2706 lllyrici
206 2627 236 2678 et
256 2612 363 2680 ltaliae
392 2617 431 2680 de
452 2615 596 2690 dilatione
617 2614 769 2690 vindictae
789 2616 876 2698 data,
904 2641 1014 2685 sunum
1034 2631 1151 2708 spectat

66 2721 137 2787 382.
158 2721 246 2816 (XV
266 2721 334 2787 Cal.
356 2725 461 2810 Sept„
489 2723 653 2801 Veronae,
682 2721 814 2800 Antonio
834 2739 864 2787 et
884 2723 1015 2816 Syagrio
1035 2727 1148 2806 οισι),

63 2848 119 2890 non
141 2846 252 2890 annum
270 2825 332 2892 39⁰
351 2829 404 2890 vel
422 2819 512 2902 etiarn
529 2825 737 2913 posteriorem,
758 2827 829 2896 coll.
844 2830 999 2906 Theodos.
1021 2831 1099 2896 Cod.
1115 2829 1147 2910 9,

65 2925 103 2990 ta
124 2928 178 3008 (de
193 2926 329 3014 poenis),
350 2930 400 2994 13.
441 2931 739 3020 Rettpstitamtsmen
758 2933 855 3019 legem
873 2933 967 3000 luisse
988 2948 1056 3025 post
1075 2957 1145 3004 eae·
1156 2943 1201 3010 38

64 3031 128 3095 dem
150 3031 471 3113 Thessalonicensem,
499 3031 573 3098 mihi
599 3059 717 3120 quoque
738 3037 819 3102 haud
840 3038 1039 3126 improbabile
1057 3039 1147 3108 vide·

64 3149 125 3217 tur,
149 3159 331 3222 quamquam
351 3137 427 3202 nihil
447 3139 487 3203 do
507 3161 544 3203 ea
563 3163 597 3205 re
616 3141 765 3228 proditum
785 3165 856 3210 esse
875 3143 1007 3210 videtur.
1146 3174 1149 3182 ·

137 3257 322 3343 Requiescst
350 3258 382 3322 in
409 3281 483 3346 pace
504 3259 635 3344 Eugenii
661 3261 783 3351 tyranni
812 3263 923 3345 vietor,
953 3268 1145 3334 Theodosius

62 3365 212 3447 Magnus3
242 3361 313 3426 item
328 3363 462 3428 'Sanctus
489 3362 668 3430 Ambrosius
692 3367 950 3451 Mediolanensis,
978 3372 1145 3438 Theodosii

59 3464 163 3532 vietor.
209 3467 366 3551 Pergimns
391 3467 430 3533 ad
451 3468 541 3534 aliurn
562 3473 748 3555 praesulem,
776 3497 836 3539 non
857 3475 977 3559 quidem
997 3477 1143 3564 principis

61 3571 203 3655 Romani,
234 3572 288 3636 sed
309 3571 503 3639 harbarorum
520 3573 751 3660 debellatorem,
779 3578 952 3667 episcopum
974 3583 1142 3648 Thessalo·

58 3674 224 3756 nicensem,
255 3695 345 3761 quam
370 3679 535 3746 secularem
563 3683 682 3751 illorum
710 3689 874 3755 antistitum
904 3689 1043 3754 virtutem
1071 3686 1141 3751 aliis

60 3777 165 3845 dehinc
186 3780 335 3866 exemplis
357 3781 483 3848 historia
502 3785 786 3858 Thessalonicensis
807 3793 918 3860 olsrarn
945 3791 1047 3864 laniet·
1085 3794 1141 3858 Est

60 3886 190 3949 seculum
213 3884 327 3952 Christi
355 3887 507 3971 quintum,
537 3914 635 3960 annus
653 3896 717 3979 (sie
735 3896 872 3980 videtur)
892 3896 986 3976 stu,
1014 3895 1140 3961 indietis

59 3985 200 4070 ιιοιιᾶι,
221 3989 355 4058 Zenonis
372 3993 536 4082 Byzantini
556 3996 862 4087 imperatorisonnus
882 4013 1000 4086 mutus,
1021 4001 1061 4068 ds
1079 4016 1139 4090 qna
1164 4031 1166 4037 ’
