2834 4772
243 373 319 451 424
523 425 538 433 .,
670 389 887 440 ιενσσυικι
1218 359 1325 460 [w.

326 543 379 612 24.
406 538 497 624 Ἤδη
524 543 558 607 δὲ
584 542 639 606 καλ
665 534 769 616 άλλως
792 539 811 625 ἡ
836 537 879 619 σὴ
899 539 982 606 θεία
1008 533 1152 623 κιβωτὸς
1176 537 1284 622 αὕτη,
1311 541 1330 606 ὁ

162 650 168 663 ’
243 656 334 733 νούς,
355 648 466 738 μάννα
486 656 591 733 στέγει
611 651 666 714 καί
682 646 804 734 χρυσόν
820 650 874 714 καί
894 641 1035 723 πλάκας*
1063 643 1103 714 ού
1119 641 1228 732 μόνον
1251 648 1330 726 τούς

146 774 150 782 “
243 767 315 850 περὶ
334 768 393 848 τῆς
410 755 567 826 ἀνωτάτω
587 753 720 843 τριάδος
739 753 872 839 λόγους,
901 744 940 840 ἧς
956 752 1092 831 τόποςὸ
1112 757 1178 821 τῶν
1198 753 1331 824 ἀποθέ-

244 867 310 939 των
333 871 504 953 κειμηλίων
523 864 644 934 τούτων
665 865 774 951 τριάς,
801 867 856 929 καὶ
880 860 918 930 τό
939 863 999 930 τού
1017 860 1131 948 μάννα
1155 863 1330 950 οὐράνιον·

245 978 332 1048 ἀλλὰ
358 983 415 1045 καὶ
443 975 519 1054 τοὺς
541 980 611 1060 περὶ
637 975 695 1062 τῆς
723 977 781 1040 τοῦ
807 972 893 1046 θεοῦ,
913 969 1012 1056 λόγου
1036 969 1261 1056 καταβάσεως
1281 970 1330 1064 ἐφ’

243 1081 341 1176 ἡμεῖς,
355 1081 462 1172 σάρκα
472 1086 741 1173 προσλαβομίνου
754 1079 811 1162 τὴν
825 1089 858 1148 ἐκ
871 1078 960 1168 χοὸς,
979 1079 1040 1162 τὴν
1055 1079 1136 1146 καθ’
1154 1078 1259 1166 ἡμᾶς,
1277 1081 1331 1164 ἔξω

176 1177 181 1185 .
244 1203 304 1264 τοῦ
326 1194 491 1278 ἁμαρτίας-
518 1189 687 1277 μολυσμὸν
710 1184 942 1278 ἐπισύρεσθαι·
981 1177 1020 1256 ού
1047 1183 1203 1274 σύμβολα
1231 1191 1334 1271 ἡτού

245 1301 358 1393 μάννα
379 1297 512 1386 ὑψόθεν
533 1297 732 1385 κατάβασις,
760 1303 814 1366 καί
840 1295 877 1364 τό
900 1292 1094 1384 άῤῥύπαρον
1117 1299 1179 1364 τοῦ
1200 1306 1336 1385 χρυσοῦ,

247 1419 302 1481 καὶ
326 1414 391 1478 των
410 1415 542 1478 πλανῶν
564 1409 601 1475 τό
622 1406 845 1496 χοόπλαστον·
873 1399 930 1482 οίίς
950 1403 988 1491 δίη
1011 1407 1184 1494 ἑκατέρους
1205 1404 1334 1492 λόγους,

247 1501 330 1598 τούς
351 1543 384 1586 τι
409 1522 479 1605 περὶ
500 1519 584 1586 θεοῦ
606 1526 665 1585 τοῦ
684 1521 719 1584 ἐν
740 1514 847 1603 τριάδι
870 1525 1171 1601 προσκυνουμένου,
1201 1513 1284 1594 τούς
1304 1543 1334 1584 τε

249 1625 320 1715 περὶ
340 1632 400 1695 τοῦ
419 1633 505 1695 θεοῦ
521 1624 638 1711 λόγου,
659 1629 718 1694 τοῦ
734 1625 805 1703 ἑνός
822 1625 883 1711 τῆς
899 1621 1050 1710 τριάδος,
1072 1630 1133 1690 τοῦ
1154 1632 1190 1690 ἐν
1211 1621 1334 1712 όστρο-
1402 1645 1403 1650 ’

249 1743 325 1828 κίνῳ
354 1734 456 1804 σκεύει
474 1731 612 1820 σαρκὸς,
638 1729 795 1821 ἡμετέρου
817 1738 1011 1818 θησαυροῦ,
1040 1723 1124 1801 οίίτω
1145 1739 1210 1817 μὲν
1232 1741 1335 1818 περιέ·

250 1869 321 1922 πεις
346 1847 402 1910 καὶ
430 1851 538 1936 φέροις
559 1843 787 1928 ταμιευόμενος
813 1838 969 1933 ἀσφαλῶς
993 1843 1028 1908 ἒν
1048 1848 1154 1936 ψυχῇ,
1193 1839 1239 1920 ὡς
1265 1836 1329 1910 οὐδ’
1404 1843 1405 1846 '

251 1949 294 2019 ἶνίν
315 1947 433 2031 οὐδεὶς,
455 1947 529 2018 οὐδὲ
546 1947 632 2018 πάνυ
650 1956 723 2038 περὶ
740 1947 802 2029 τὰς
820 1947 1015 2037 τιμιωτέρας
1028 1951 1095 2016 τῶν
1110 1951 1197 2018 ύλιῖν
1216 1955 1335 2031 ἐπτοη·

249 2065 366 2147 μένος,
393 2053 629 2147 ίπαγρυπνὴσει
650 2064 781 2154 φυλακῇ
803 2065 994 2145 θησαυροῦ·
1033 2051 1119 2125 ούτω
1143 2062 1179 2124 δὲ
1204 2055 1334 2146 μνημό-

251 2195 314 2247 νως
330 2170 445 2256 ἔχεις,
458 2171 520 2244 καὶ,
534 2167 655 2248 όεῆσαν
673 2165 827 2256 προάγεις
846 2164 1060 2244 ἀδιαπτώτως
1080 2173 1131 2235 έπλ
1154 2167 1335 2256 στόματος,

253 2275 384 2358 doe-off
404 2273 448 2344 άν
466 2273 516 2353 τίς
532 2271 650 2342 οἰκείου
672 2272 714 2342 άν
734 2273 923 2363 προαγάγοι
943 2278 1061 2367 ῥαδίως
1077 2274 1200 2364 ὄνομα.
1247 2278 1338 2348 (λύτο

254 2394 292 2456 δέ
312 2392 431 2464 ποθεῖς
455 2388 510 2452 καὶ
527 2378 717 2472 ύπερπουεῖς
736 2388 1050 2473 ἐπιβουλευομένων,
1078 2381 1120 2465 ὡς
1139 2381 1200 2456 οὐκ
1220 2383 1267 2456 ἄν
1291 2414 1337 2468 τις
1410 2366 1411 2398 ί

255 2497 332 2566 οὐδὲ
352 2498 459 2581 ψυχῆς
479 2489 692 2580 ύπερπαθοίη
713 2489 755 2561 άν
776 2497 833 2583 τῆς
854 2496 982 2564 ἑαυτοῦ.

337 2607 389 2672 25.
432 2605 500 2669 Καὶ
526 2604 631 2670 ταῦτα
651 2601 718 2670 οἶδε
737 2609 798 2689 μὲν
818 2608 873 2672 καὶ
894 2603 986 2690 ἡμῶν
1006 2610 1156 2684 ἕκαστος,
1187 2602 1340 2693 άνακρά.

256 2715 350 2795 ζουσι
377 2717 410 2778 δὲ
436 2715 492 2776 καὶ
513 2714 544 2776 οἱ
569 2712 679 2790 λίθοι,
693 2707 767 2788 ισίίς
791 2706 829 2777 τό
849 2716 935 2798 μέγα
957 2713 1013 2797 τῆς
1034 2709 1195 2780 άνωτάτω
1218 2719 1342 2808 σοφίας

260 2826 352 2913 φέρει
370 2818 574 2906 ἀνάκτορον,
595 2822 630 2884 αἱ
648 2821 728 2904 ἱεραὶ
743 2814 877 2901 πλάκες,
898 2817 951 2900 αἷς
971 2818 1012 2890 τά
1032 2819 1077 2890 σά
1095 2823 1341 2914 θεολογήματα

195 2938 197 2942 ’
252 2930 437 3012 τάγαεινται·
479 2925 513 2996 οἳ
530 2923 569 3009 δὴ
591 2929 685 2994 λίθοι
703 2931 753 3014 ’τῴ
774 2954 807 2996 τε
832 2929 986 3017 ὁιαλεύκῳ
1008 2936 1263 3024 παμφαίνουσι,
1293 2941 1345 3004 καὶ

261 3039 300 3106 τό
321 3045 376 3120 τῆς
394 3035 553 3120 ἀληθείας
571 3038 725 3105 ἐντεῦθεν
741 3041 950 3129 ὃιαφαίνουσι
969 3039 1167 3129 πάλλευκον,
1188 3049 1246 3112 καί
1266 3041 1347 3112 κάλ-

253 3153 310 3218 ·λει
335 3153 369 3216 δὲ
396 3147 579 3235 λάμποντος
600 3148 734 3234 ἐρυθρῷ
752 3148 869 3232 χροίαν
893 3144 1034 3233 αἳματος
1057 3148 1344 3238 παραυγάζονται,

262 3263 319 3326 καὶ
346 3257 405 3325 τὸν
433 3259 638 3344 τραυματίαν
658 3259 811 3324 ἐντεῦθεν
831 3262 886 3324 καί
907 3258 965 3338 τῂν
985 3255 1145 3346 αἰσχύνην
1165 3263 1228 3328 τοῦ
1250 3262 1348 3350 ἀρχε-

264 3364 367 3436 κάκου
389 3363 610 3452 πολεμήτορος
627 3360 897 3453 ύπεμφαίυουσιν.
936 3366 990 3434 Ἐν
1004 3366 1134 3446 τούτοις
1148 3373 1220 3448 τοῖς
1234 3373 1348 3449 λίθοις

262 3481 317 3546 καὶ
338 3473 453 3561 τὸτῆς
475 3475 651 3558 θεολογίας
679 3472 835 3557 καθαρὸν
858 3481 1097 3565 φωσφορεῖται,
1127 3483 1185 3546 καί
1208 3479 1252 3546 τά
1274 3485 1347 3565 περὶ

253 3578 528 3667 πηςσαρκιάσεως
546 3578 720 3665 τοῦλόγου
742 3580 994 3669 ὀρθοτομείται,
1018 3586 1050 3666 έξ
1068 3577 1222 3672 ὲρυθρῶν
1244 3587 1347 3674 αἱμᾰ.

264 3717 329 3757 των
346 3690 555 3775 παρθενικῶν
572 3687 681 3778 σάρκα
696 3695 801 3782 ἑαυτῷ
816 3691 1001 3774 πηξαμένου
1016 3688 1218 3778 ὑπέρογκον·
1244 3689 1289 3764 ὧν
1310 3703 1347 3764 τό

263 3805 326 3884 μὲν
341 3803 440 3878 λίθος
457 3789 596 3886 στίλβιίιυ
614 3795 657 3876 είς
671 3801 751 3892 φῶς,
774 3797 817 3866 τά
834 3798 864 3868 δ’
887 3799 1064 3888 ὑποφαίνει
1082 3798 1272 3889 ίρνθρότης
1287 3800 1348 3870 ἄν·

264 3912 333 3983 θος
356 3908 540 3998 αἱματηρόν
562 3904 837 3993 παραυγάζουσα·
862 3902 906 3984 ὡς
926 3903 984 3986 όίν,
1006 3899 1114 3994 ὥσπερ
1133 3915 1215 3978 ττοτλ
1234 3934 1349 4002 φοινι·

259 4019 397 4101 χθέντος
424 4013 542 4102 α’ίματι
573 4015 728 4084 ὁοίκτυλοι
754 4016 920 4101 σωτηρίαν
947 4011 1040 4100 ἡμῶν
1047 4067 1056 4098 ,
1089 4007 1176 4086 υίίτω
1200 4022 1258 4088 καὶ
1287 4019 1348 4087 νῦν
