2854 4770
90 363 190 458 τω]
329 384 584 444 mammos
609 383 1011 448 τετιεειτοωιοτωειε.
1129 363 1205 442 35⁷

111 529 415 628 περιστροβόσεως,
445 534 510 608 κάν
530 531 618 637 ίίδωρ
640 536 864 623 ὀλιγοπιστίας
884 536 1011 618 ἐξέπιον
1035 535 1198 629 άλμωρόν,

113 645 189 736 οὐχ’
219 639 289 725 οἶός
317 669 353 714 τε
378 643 426 716 δν
451 645 527 716 οὐδὲ
555 652 628 728 ταῖς
655 649 714 716 τοῦ
736 647 810 734 βίον
834 641 949 726 άκταίς
973 644 1200 738 έπινηχεόθαι.

108 751 214 824 Ἀλλὰ
235 753 294 836 τό,
314 745 341 822 τό
360 759 457 826 θεῖον
476 761 531 825 καί
552 755 663 826 κοινόν
683 750 838 840 ἀγαθόν,
859 744 885 826 ὦ
905 753 1085 848 φωσφόρον
1105 754 1199 847 ’όμιια

98 867 285 954 -Χριστοῧ,
307 860 350 943 ὥς
370 864 465 944 είδες,
487 864 529 946 νίς
544 864 644 951 ἔγνως
662 856 768 943 οίίτως
785 862 919 950 ἔχοντα,
941 857 997 931 οἶα
1010 877 1103 958 χεῒραῖ
1121 887 1211 954 γεκς
1291 917 1295 928 .

108 973 214 1043 ναίων
240 971 342 1042 καλόν
366 971 508 1062 γράμμα
534 972 707 1062 δποίρεξοις.
757 974 827 1038 Καὶ
852 978 1055 1063 παραχρῆμα
1076 975 1196 1066 όρθιας
1266 1028 1270 1037 2

109 1077 131 1152 6
153 1081 299 1160 πίπτων,
327 1087 382 1150 καί
408 1079 427 1150 6
448 1087 568 1175 μικροῦ
594 1085 739 1168 καταδὺς
766 1091 832 1154 τῶν
852 1083 1006 1170 κυμάτων
1026 1086 1195 1173 κατωρχή-

108 1212 209 1258 σατο.
250 1191 321 1258 Καὶ
349 1189 388 1259 τό
414 1199 476 1280 μέν
505 1190 687 1283 κρήδεμνον
712 1195 772 1280 τῆς
795 1188 898 1270 Ἰνοῦς
927 1188 986 1260 οὐκ
1013 1184 1088 1260 οἶδα
1115 1193 1134 1262 ό
1161 1202 1192 1263 τί

109 1322 196 1382 ποτε
227 1304 277 1391 τῷ
304 1297 441 1385 τλήμονι
469 1295 619 1375 Ὀδυσσεῖ
642 1295 897 1386 συνεισάνεγκεν,
933 1297 988 1372 ὅτε
1017 1303 1191 1374 θαλαττο-

105 1406 299 1493 μόχδοόντι
326 1415 394 1486 τοῖς
419 1411 566 1500 στέρνοις
591 1406 672 1479 αότδ
695 1409 886 1484 όπετείνετο.
918 1406 964 1482 Τό
987 1437 1023 1495 γε
1042 1411 1110 1498 μὴν
1130 1409 1192 1486 σόν

102 1511 267 1603 γράμμα,
299 1510 318 1584 ό
347 1519 382 1594 έν
410 1530 477 1598 τοῖς
506 1523 654 1608 στέρνοις
681 1522 789 1610 φέρω,
823 1516 861 1602 τό
887 1521 955 1587 πάν
976 1503 1055 1608 ἡμῖν
1076 1521 1131 1588 καί
1153 1514 1191 1586 τό
1256 1575 1259 1582 ,

107 1623 191 1696 ὅλον
212 1627 269 1709 τῆς
289 1629 453 1717 σωτηρίας
474 1631 659 1717 εἴργασται·
680 1632 737 1696 καί
758 1628 878 1710 ταῦτα,
900 1619 965 1700 ότε-
977 1623 1034 1695 οόκ
1054 1615 1095 1712 ἦν
1115 1621 1191 1714 ἡμῖν
1272 1693 1276 1696 .

74 1809 76 1818 ,
104 1739 201 1812 ἐλπίς
221 1737 347 1804 τοιοῦδε
366 1739 482 1821 καλοῦ,
504 1735 542 1806 τό
565 1735 707 1826 άσχολον
727 1731 828 1804 εἰδόσι
852 1743 911 1824 τῆς
927 1738 991 1824 σῆς
1004 1733 1193 1824 ἁγιότητος.

104 1839 152 1920 ὡς
176 1845 304 1930 μᾶλλον
323 1843 372 1920 ’δν
398 1847 593 1935 ἐπεπείσμην
620 1843 677 1926 τόν
694 1831 906 1922 Αἰθιοπικὸν
931 1829 1059 1914 τοντονί
1080 1873 1193 1934 γραμ-

101 1957 348 2042 ματοκομιστίν
376 1951 422 2034 είς
451 1957 657 2045 λευκοχρῶτα
684 1958 898 2043 μεταβαλεῖν,
930 1951 1111 2046 ἢγράμμα
1133 1959 1193 2052 τῆς

104 2059 289 2148 ἱερωτάτης
316 2086 376 2138 σου
404 2063 513 2156 ψυχῆς
538 2063 621 2152 μετά
644 2069 753 2152 χεῖρας
782 2061 858 2151 άρτι
878 2067 1006 2150 λαβεῖν·
1039 2057 1077 2132 όν
1103 2058 1191 2137 πάνυ
1213 2147 1216 2166 ⁸

100 2168 317 2253 καταλλήλας
344 2166 389 2249 εἷς
414 2159 542 2259 Μωσῆν
569 2175 715 2254 ἐξεδέξω,
743 2169 806 2246 Ιδιά
835 2171 873 2240 τό
900 2165 972 2240 οἷον
1001 2179 1033 2239 ἐκ
1060 2167 1189 2264 γνόφου

95 2276 329 2371 ’κατέρχεσθαι
348 2272 426 2348 όλον
444 2275 624 2370 όπόζοαον.
653 2275 736 2363 Ἐγώ
754 2282 788 2344 δέ
806 2282 861 2346 καί
881 2280 919 2346 τό
937 2275 1094 2365 ἑπόμενον
1112 2283 1189 2347 συλ-

99 2387 297 2515 λογίζομαι,
326 2385 379 2455 ὅτι
406 2393 460 2455 καί
489 2389 532 2466 ὥς
553 2399 585 2458 ὲκ
612 2389 698 2466 θεοῦ
724 2383 854 2465 πλάκας
880 2387 1001 2473 κομίζει
1026 2384 1068 2454 τά
1091 2385 1186 2476 παρά

100 2500 166 2568 σοῦ
184 2493 379 2586 γράμματα.
422 2493 565 2584 Μήποτε
588 2499 649 2572 δέ,
669 2521 694 2574 ω
718 2497 877 2580 δέσποτα,
903 2498 958 2563 καί
981 2493 1074 2588 βάτῳ
1094 2522 1187 2564 καιο-

96 2609 186 2709 μένη
211 2631 276 2675 που
306 2602 491 2695 ὀρειβατεῖν
504 2599 732 2730 ε’ντετόχιρκεν,
768 2591 828 2668 εἶτ’
854 2601 919 2671 οὐκ
940 2601 1072 2704 ἐνόησεν
1097 2603 1184 2671 άπσ-

99 2720 248 2809 στρέψαι
270 2712 332 2794 τάς
358 2712 488 2804 όψεις,
501 2719 555 2784 καί
569 2709 708 2798 παρά
698 2711 795 2778 τοῦτο
817 2709 856 2778 τό
880 2709 1061 2797 πρόσωπον
1081 2705 1186 2805 κατη-

99 2821 273 2908 σβόλωτος
291 2820 414 2900 Ἀλλ’
399 2832 511 2909 ομὲν,
533 2823 623 2902 ἕως
606 2848 684 2906 ημιν
698 2847 975 2915 γραμματοφόρον
994 2828 1051 2891 καί
1066 2819 1184 2924 μηνύει
1240 2855 1242 2862 ’

95 2927 220 3010 Ι,λευκάς
241 2935 313 3018 περὶ
335 2936 396 3014 σοῦ
416 2932 585 3020 ἀγγελίας,
605 2936 660 2999 καί
681 2928 725 3010 εἰς
743 2927 883 3015 άγγελον
903 2930 1014 3022 φωτός
1031 2919 1086 2999 καί
1102 2927 1183 3020 ἡμέ-

99 3065 165 3126 ρας
191 3033 263 3108 υἱόν
286 3040 468 3121 τετάξεται,
498 3037 561 3108 κάν
579 3040 758 3126 ε’πιδερμίδι
776 3035 900 3125 σαρκός
918 3046 1072 3126 μελαίνης
1089 3037 1185 3108 σκιά-

72 3219 74 3224 ,
99 3153 201 3234 ζεται.
243 3149 301 3217 Σίν
322 3153 356 3218 δὲ
376 3153 443 3232 εἴης
464 3149 514 3216 ἀεὶ
535 3149 716 3224 πίπτοντας
737 3145 794 3225 ἕξω
816 3153 876 3213 τοῦ
890 3149 992 3214 καλοῦ
1007 3143 1184 3231 ἐπανάγων

70 3313 75 3320 .
98 3257 335 3336 διδασκαλικῶς
356 3249 428 3341 δίμα
448 3261 504 3324 καί
525 3255 700 3345 πατρικῶς.
750 3254 795 3324 Τό
816 3261 1018 3382 διατείχισμα
1038 3257 1099 3324 τοῦ
1119 3259 1183 3322 δει-

98 3367 162 3448 νφῦ
190 3369 247 3433 καί
274 3362 432 3444 δυσκόλου
459 3363 603 3448 γείτονος
631 3367 755 3450 τηιτέως
782 3369 843 3447 μὲν
863 3370 912 3448 είς
933 3363 1034 3436 κενόν
1048 3363 1182 3454 ἔσχασε,

99 3475 157 3542 καί
177 3473 294 3599 μυρίαι
319 3478 463 3558 κορῶναι
484 3467 575 3563 αὐτῷ
596 3467 836 3560 έπικράζονσιν.
884 3467 947 3538 Εἰ
955 3471 983 3538 δ’
1014 3466 1183 3576 έπετεκτή·

96 3577 198 3650 ναιτό
219 3605 255 3654 τι
273 3579 368 3648 καλ”
349 3605 413 3659 ετι,
433 3577 493 3648 οὐκ
512 3539 609 3648 οῖδα·
643 3576 861 3663 Ἐτολάνισα,
887 3583 937 3668 μά
958 3603 1019 3667 την
1040 3577 1103 3667 σην
1124 3599 1184 3643 σο-

97 3693 200 3784 φίαν,
230 3712 270 3766 το
262 3683 423 3774 σαπρόν
442 3681 629 3774 γεγόντιον,
661 3683 709 3765 οἷς
729 3695 925 3812 σοροπηγεῖν
947 3687 1053 3772 έαυτῳ
1041 3679 1182 3752 λαθό-

96 3822 213 3886 μενον,
236 3799 462 3882 ἐποικοδομεῖν
482 3794 568 3866 κατά
588 3796 655 3863 τῶν
675 3792 907 3880 γειτονοόντων
929 3789 1106 3879 ἐπεβάλετο
1121 3793 1181 3877 μέ

94 3933 187 4024 γαρα
208 3901 389 3994 ἠνεμόεντα
410 3901 529 3983 άλλως,
556 3897 606 3981 οἷς
626 3902 779 3989 άνεμιαῖα
799 3903 1033 3990 ἠλέγχθησαν,
1057 3903 1112 3968 καί
1135 3893 1181 3976 ὡς

97 3993 200 4096 αόραι
228 4008 391 4086 ,λυθέντα
405 3998 674 4096 διερισάδησαν.
720 4005 788 4074 Τοῦ
807 4007 879 4126 περί
905 4006 1057 4086 νηστείας
1082 3998 1180 4088 λόγον
