2834 4772
85 284 152 387 επ]
283 283 536 367 Ιενετετεειυε
563 303 963 373 εωσεεκτοειαεκειε.
1010 359 1017 370 ,
1089 299 1165 390 ³1⁹⁰

85 462 155 551 χείρ
180 464 238 530 καλ
264 458 303 532 τὸ
324 467 498 553 ἐπίκλοπον
517 469 636 554 ἐμίσει,
662 467 774 540 καὶτὸ
792 468 903 540 δόλιον
926 467 1163 567 ἀπεστρέφετο.

81 576 155 641 Καί
174 575 209 642 εἴ
220 579 300 642 ποτί
320 597 371 652 τις
389 569 481 668 αύτῷ
497 583 566 654 τοῖς
581 573 742 656 τοιούτοις
755 582 879 667 χαίρων
895 579 1096 674 ἐπεφώρατο,
1119 580 1164 665 τίς

80 679 211 770 ίχθρδν
230 680 358 766 ἐγένετό
378 686 426 764 οὶ,
448 686 501 752 καί
517 689 614 771 μῖσος
630 686 748 754 τοῦτον
763 689 864 773 ἐμίσει
880 691 1010 765 τέλειον.
1050 692 1164 774 Λύτὸς

79 797 145 877 μέν
157 786 224 878 χάρ
241 796 275 856 ἐν
293 787 415 881 ἀκακίηι
435 794 573 877 καρδίας
592 801 625 860 ἐν
642 797 732 879 μέσῳ
751 795 810 876 τῆς
827 791 932 874 οἰκίας
949 799 1162 886 διεπορεύετο,

79 893 153 986 ἐίσρι
172 895 325 984 προύδοις
341 924 375 966 τε
393 904 449 966 καλ
468 897 631 984 περιόδοις
643 897 703 968 ούιι
724 901 927 1007 ἑνησμένιζεν
946 907 980 973 ίκ
998 905 1161 992 νεότητος,

79 1005 160 1077 οὐδὲ
176 1005 287 1095 θύρας
301 1011 465 1076 πλουσίων
478 1011 605 1095 μάλλον
620 1005 639 1090 ’τί
657 1016 720 1076 τῶν
738 1009 856 1094 λογίαν
870 1016 1019 1102 ἐξίτριβε.
1055 1021 1163 1103 Πρω·

76 1112 185 1205 βεύων
203 1119 240 1182 δέ
257 1111 343 1182 ἀλλά
366 1122 420 1184 καί
439 1115 499 1204 τὴν
515 1112 693 1200 ἀληθειαν,
714 1123 770 1186 καί
787 1115 879 1204 ἀχων
896 1111 954 1186 ἶσα
972 1125 1057 1206 θεῷ,
1085 1124 1163 1205 τούς

76 1225 260 1303 ποιοῦντας
279 1224 487 1312 παραβάσεις
502 1227 617 1311 ἐμίσει,
638 1230 694 1292 καλ
716 1225 795 1304 τούς
816 1223 933 1316 λοίθρα
947 1235 1008 1296 τοῦ
1024 1233 1163 1314 πλησίον

76 1335 351 1412 καταλαλοῦντας
368 1339 422 1400 καὶ
438 1336 678 1420 ψιθυρίζοντες
693 1335 862 1415 ἐξεδίωκεν.

164 1439 198 1507 5.
211 1428 256 1508 Ὦ
277 1443 308 1509 τί
328 1465 391 1510 σον
409 1445 538 1536 πρῶτον
559 1437 821 1520 ἀποκλαύσσιιαι,
843 1438 1001 1511 θειότατε
1021 1443 1162 1539 ἀδελφίς
1229 1528 1233 1535 ¹

86 1549 132 1620 Τι’
156 1553 190 1618 δέ
217 1572 279 1618 σου
303 1547 455 1637 δακρύσω
483 1545 650 1638 δεύτερον;
687 1549 733 1619 Τδ
758 1552 926 1638 ἐμβριθές
945 1556 998 1618 καί
1021 1552 1164 1644 φιλόσο-

83 1681 170 1752 φον,
198 1653 219 1740 ἢ
248 1655 286 1724 τὸ
311 1655 500 1732 κοινωνικὸν
527 1662 582 1726 καί
611 1652 831 1748 φιλάλληλσνς
869 1656 915 1726 Τὸ
943 1663 1079 1752 σῶηρον
1104 1668 1163 1747 τῆς

81 1761 246 1855 χλῶττης,
268 1761 287 1848 ἢ
309 1763 346 1832 τὸ
367 1763 466 1847 γλυκύ
486 1792 521 1834 τε
541 1766 596 1834 καί
615 1762 749 1854 χάριενς
776 1766 844 1848 Τὴν
862 1764 1092 1856 ἀρχιερατικὴν
1112 1769 1164 1841 εύ-
1249 1785 1251 1797 ’

78 1882 240 1959 κοσμίαν,
268 1871 297 1962 ἢ.
316 1872 377 1956 τὴν
402 1875 570 1962 πολιτικὴν
593 1869 805 1963 ἐπιφάνειανς
848 1872 1163 1965 Πάντα·χάρὸμοῦ

80 1979 275 2070 συλλαβῶν,
305 1981 369 2050 ὅσα
395 2007 430 2050 τε
456 1979 557 2061 ὄντως
582 1983 760 2068 κσσμοῶσιν
782 1977 978 2069 ἄνθρωπον,
1006 1985 1161 2072 ἀλλήλαις

76 2093 188 2161 ταῦτα
208 2093 316 2170 καλῶς
337 2087 550 2177 σονύρμσσάς
570 2093 678 2159 τεκαὶ
699 2097 931 2176 σννεκίρασας,
960 2097 1016 2162 καί
1041 2091 1086 2172 εἰς
1111 2093 1159 2164 αι’·

79 2201 243 2283 κονομίαν
263 2201 492 2282 ἐξετελέσθης,
520 2194 561 2283 ἣν
590 2199 739 2285 τεχνικῶς
768 2197 1005 2289 ἐμορᾳῶοαντο
1035 2229 1160 2274 παντο-

79 2307 174 2380 δαπά
196 2314 250 2377 καί
271 2306 365 2393 ἀνθη
386 2315 440 2379 καί
458 2306 626 2396 χρῶματα.
660 2298 702 2373 Ὦ
724 2304 923 2390 τηλικούτων
941 2313 1100 2397 χαρίτων·
1134 2305 1161 2380 ῶ

75 2416 240 2488 τοσούτου
262 2422 388 2505 κόσμον
407 2423 462 2486 καί
483 2415 623 2506 ἀρετῶν·
644 2403 669 2482 ῶ
689 2411 871 2500 ἀνθρωπος
892 2418 946 2482 καί
965 2419 1030 2502 πρδ
1051 2421 1159 2487 τελευ·

73 2528 136 2608 τῆς
160 2519 261 2604 ὅντως
285 2523 563 2612 μακαριζόμενὸς,
590 2529 645 2593 καί
666 2521 750 2611 μετὰ
777 2519 927 2610 τελευτῶν
948 2521 1001 2590 διά
1019 2531 1080 2608 μὲν
1099 2524 1158 2607 τὴν
1240 2529 1246 2540 ’

75 2634 196 2720 ζημίαν
218 2632 461 2734 θρηνούμενος,
478 2634 546 2725 ,διά
567 2638 601 2702 δέ
620 2634 679 2711 τάς
697 2629 819 2720 ἀρετάς
838 2629 1078 2716 ἐξομνούμενσς.
1110 2620 1156 2700 Ὦ

74 2741 194 2822 νεότης
216 2743 396 2828 περίδοξος·
419 2731 561 2831 ῶχῆρας
585 2740 748 2828 ἀοίδιμον.
787 2736 993 2826 Ἀκμάζοντα
1011 2746 1073 2826 μὲν
1089 2739 1156 2832 χάρ

72 2847 139 2934 εἶχε
163 2873 198 2918 τε
216 2845 319 2930 ἡτῶν
342 2847 446 2936 λόχων
467 2849 576 2929 πόλις,
605 2844 919 2932 ἡΚωνσταντίνσν,
943 2851 999 2915 καὶ
1019 2846 1038 2935 ἡ
1061 2853 1156 2938 φιλο-

74 2954 178 3040 λὸχος
199 2939 331 3025 νεολαία
352 2959 445 3026 πᾶσα
464 2965 536 3045 περί
556 2956 672 3048 αὐτὸν,
697 2962 751 3025 καί
770 2946 811 3042 ἦν
829 2963 981 3044 μορσεῑον
1002 2950 1156 3046 ἀντικρνς

72 3067 116 3134 τύ
129 3065 305 3150 δωμάτιον,
327 3061 409 3147 ἀλλη
430 3091 478 3144 τις
493 3062 673 3150 Ἀκαδημία
694 3069 750 3133 καί
767 3064 867 3133 Σταά
885 3053 945 3134 καί
954 3058 1156 3153 Περίπατος.

73 3175 148 3240 Καί
168 3167 219 3251 οἷς
238 3179 299 3259 μὲν
321 3171 464 3260 ἐχορήγει
484 3171 714 3260 γραμματικὴν
734 3175 789 3239 καί
808 3179 912 3259 μέτρα
932 3176 988 3270 κοιλ
1009 3175 1155 3259 ποίησιν,
1187 3157 1188 3162 ¹

72 3276 243 3362 τοσαύτην
265 3279 347 3370 ἔχων
373 3278 498 3349 τούτων
517 3280 578 3367 τὴν
597 3276 792 3366 ἐπιστήμην,
822 3279 865 3357 ῶς
884 3283 987 3365 μηδὲν
1008 3286 1073 3347 τῶν
1092 3280 1156 3368 ἀρ·

73 3389 227 3472 ξαμίνων
246 3390 341 3480 σφῶν
362 3383 514 3476 είρέσεως
535 3385 791 3458 ἀπολείπεσθαι·
813 3380 863 3464 οἷς
878 3392 913 3454 δέ
930 3394 990 3475 την
1002 3390 1154 3474 γλῶτταν

72 3494 202 3583 ἡκόνει,
224 3495 400 3584 ῥητορικῶς
421 3485 654 3582 ἐξηγούμενος,
684 3498 739 3562 καὶ
760 3491 877 3571 σίλλους
897 3491 1010 3575 ἀλλοις
1026 3493 1153 3584 ὲνὴσκει

73 3607 133 3670 καλ
157 3601 379 3690 παιδεύμασιν
404 3607 459 3672 καί
483 3602 700 3692 μαθήμασιν.
743 3601 850 3670 Ὅθεν
874 3607 929 3671 καί
951 3608 1043 3682 κλέος
1062 3605 1155 3689 ἔσχεν

73 3707 162 3799 εὐρύ,
188 3725 254 3791 τοῖς
277 3707 434 3780 ἀπάντων
452 3717 596 3798 κείμενος
613 3706 766 3797 στόμασι.
795 3712 1025 3802 Παραμείψας
1042 3713 1076 3778 δέ
1096 3711 1154 3780 τὸν

71 3825 164 3899 νέον,
196 3824 252 3887 καὶ
279 3815 325 3897 είς
355 3818 393 3885 τὸ
418 3819 477 3909 τῆς
500 3815 743 3907 ἀρχιερωσύνης
769 3815 856 3910 ὕψος
877 3815 1094 3904 ἀναδραμὼν,
1122 3825 1155 3887 τί

74 3931 127 3996 δεῖ
148 3926 255 3996 πολλά
283 3931 387 4013 λέγειν
395 3955 408 4005 ,·
454 3919 515 4006 Εἷς
546 3936 581 3995 ἐν
608 3921 827 4014 ἀρχιερεῦσιν,
859 3919 904 4004 εἷς
930 3928 965 3994 ἐν
989 3925 1106 4016 σοφοῖς
1130 3924 1149 3995 δ
