2824 4770
481 401 788 460 raocnoooonunc
1033 387 1036 411 ¹
1099 407 1181 458 xur·

85 532 203 616 seclrlo
228 561 319 617 sexto
343 563 376 614 et
399 551 615 636 sequentihus,
644 573 722 638 quse
750 567 813 618 tum
838 550 871 616 in
898 575 1020 624 cessum
1042 568 1179 623 nostrum
1226 617 1229 622 .

80 656 235 736 venient,
257 677 324 720 curn
340 655 513 722 Avarornm
534 657 796 727 etvsclerioorum
818 678 868 723 res
887 654 1179 726 Thessalonicenses

82 761 262 826 trademus.
315 761 448 826 Graecos
476 784 550 828 sero
575 761 672 834 urhis¹
688 760 847 850 primarios
867 761 983 828 incolas
1001 762 1053 828 vel
1073 766 1179 829 seculo

78 880 153 952 post
180 863 258 930 chr.
283 863 458 929 duodecimo
480 865 606 947 suisne,¹
634 865 700 950 ejus
727 866 773 930 roi
800 857 1011 930 docimentum
1039 881 1086 932 est
1112 871 1178 934 hn-
1261 861 1265 878 ’

82 967 226 1038 atathius
250 967 461 1055 metropolita,
492 969 580 1053 cnjus
606 969 749 1034 homiliae
776 991 886 1054 graece
915 969 1046 1056 scriptae
1065 970 1178 1056 ,ibique

81 1073 216 1138 habitae
242 1095 301 1138 non
328 1074 426 1148 solum
454 1073 579 1160 linguae
599 1073 713 1138 veteris
733 1096 838 1157 usum,
866 1097 972 1140 rerum
992 1074 1178 1158 elegantiora

83 1177 155 1262 ejus
183 1176 288 1244 studia
313 1174 393 1241 inter
419 1175 504 1242 urhis
529 1176 750 1248 illiusincolas
771 1177 997 1246 evidentissime
1017 1193 1176 1247 testantur.

83 1273 330 1361 Thessalonica,
359 1293 393 1344 ut
419 1303 571 1366 nunqnam
598 1282 750 1348 destructa
774 1295 840 1364 est,
868 1282 911 1348 ita
930 1305 968 1348 ue
989 1283 1046 1348 suh
1066 1283 1177 1350 Turcis

83 1385 213 1471 qnidam
234 1375 308 1450 urbs
324 1385 443 1449 Graeca
462 1407 530 1449 esse
550 1385 651 1467 desiit,
670 1384 742 1450 licet
757 1387 871 1452 minuto
886 1386 1053 1454 incolarum
1069 1409 1176 1454 nome·

81 1512 118 1555 ro
145 1489 204 1556 vel
231 1501 319 1554 aucto
345 1510 400 1575 pro
428 1500 593 1576 temporum
612 1489 801 1575 aliarumque
820 1513 920 1584 rerum
940 1491 1067 1556 ratione.
1110 1497 1175 1560 Ea·

81 1596 153 1660 dem
175 1595 381 1664 conterminae
403 1592 607 1673 chalcidices,
626 1607 726 1658 terrae
745 1594 909 1682 spatiosae,
931 1595 1074 1680 conditio,
1095 1619 1174 1684 qnae

79 1695 151 1786 ipsa
169 1691 294 1786 quoque
313 1701 494 1765 Graecorum
511 1697 654 1782 reliquias
670 1697 783 1765 hahere
796 1700 891 1767 lectur
904 1697 1087 1790 (cousinc'ry
1102 1703 1125 1766 l.
1141 1725 1172 1768 cr

81 1804 161 1869 Vol.
180 1808 227 1870 11.
248 1827 279 1892 p.
297 1802 397 1884 134.),
419 1823 485 1868 cunr
504 1801 742 1868 Thessalonicae
761 1804 842 1870 latus
861 1804 994 1888 horeale,
1016 1807 1083 1873 sive
1098 1810 1172 1873 Ma·

80 1908 243 1975 cedoniam
263 1906 447 1995 primitivam
467 1907 629 1992 sumereque
649 1907 695 1972 sic
715 1909 836 1990 dictam,
855 1909 932 1976 item·
949 1923 1058 1976 terram
1078 1912 1170 1998 Stry·

80 2012 229 2094 moniam,
250 2012 272 2076 i.
290 2035 319 2079 e.
341 2013 421 2077 latus
441 2011 598 2093 orientale,
620 2035 676 2098 per
695 2012 801 2083 ultima
822 2014 925 2081 decem
945 2015 1052 2081 secula
1067 2014 1168 2096 Slavi,

80 2119 217 2204 Bolgari
237 2117 351 2204 aliique
373 2117 493 2186 herhari
513 2117 680 2199 tenuerint,
717 2117 788 2182 coll.
811 2117 987 2184 Comeniaca
1006 2116 1039 2182 in
1059 2139 1167 2185 narra·

79 2223 166 2290 u'oue
188 2225 370 2290 saracenica
389 2246 456 2310 cop.
476 2226 510 2291 7,
539 2224 646 2288 Tsetz.
671 2219 745 2285 chil.
761 2223 808 2290 X.
829 2221 901 2289 hist.
920 2223 999 2304 316,
1019 2222 1082 2288 185
1094 2243 1165 2313 sqq.

79 2324 259 2417 Gousiue'cy
278 2327 301 2398 l·
318 2351 345 2398 c·
365 2329 445 2396 Vol.
460 2332 491 2398 l.
513 2350 545 2415 p·
561 2325 615 2392 52
1152 2321 1155 2331 '

161 2553 267 2622 Latini
286 2556 416 2622 nominis
435 2556 591 2638 homines,
620 2571 710 2640 quum
728 2548 910 2618 Macedonia
933 2567 1002 2639 post
1020 2553 1167 2624 Andrisci
1289 2611 1295 2618 .

78 2659 308 2746 Alexandriqoe
322 2660 516 2726 rebellionem
533 2673 603 2726 ante
616 2652 803 2722 Chaalla
817 2656 962 2725 Romanis
977 2658 1095 2745 plenius
1106 2683 1165 2747 pa·

79 2787 145 2830 rere
165 2765 333 2854 coepisset,
355 2789 478 2831 numero
498 2787 608 2849 magno
627 2761 702 2830 istas
720 2773 817 2824 terras
838 2774 871 2825 nt
891 2759 967 2825 alias
989 2763 1164 2846 provincias

80 2867 223 2953 petiisse,
255 2891 343 2934 nemo
369 2869 481 2934 infitias
506 2868 581 2949 ihil,
611 2864 661 2953 qui
681 2864 733 2930 vel
753 2863 910 2928 Ciceronis
930 2867 1080 2931 orationes
1100 2889 1162 2934 non

79 2970 258 3058 inspexerit.
285 2969 713 3061 Experiehaturlllecedonia,
733 2983 768 3032 ut
787 2968 867 3034 aliae
887 2967 971 3034 orbis
988 2974 1028 3036 R.
1045 2986 1163 3058 partes,

79 3075 258 3160 publicanos
271 3081 699 3163 Romanorum,mercatoree,
719 3072 791 3138 item
810 3070 934 3138 comites
949 3076 1160 3158 proconsulum

81 3181 281 3246 Romanorum
302 3181 333 3246 in
353 3183 525 3269 provincias
545 3179 730 3247 abeuntium.
761 3179 803 3244 llt
818 3189 960 3242 vexatam
975 3175 1071 3242 luisse
1085 3181 1159 3245 hla-

81 3283 233 3351 cedonianr
245 3285 402 3373 ipsamque
412 3286 660 3353 Thessalonicam
675 3287 906 3350 allomanorom
920 3281 1158 3367 magistratibus,

83 3387 233 3456 Ciceronis
253 3390 348 3456 oratio
368 3392 516 3457 adversus
535 3397 574 3458 L.
594 3390 751 3470 Pisonem,
774 3386 974 3454 Macedoniae
992 3407 1163 3473 proconsua·

80 3487 154 3575 lem,
182 3494 289 3560 hahita
315 3497 402 3561 (locet
430 3520 457 3563 c.
482 3500 533 3580 17.
555 3492 607 3562 34.
628 3495 698 3575 35.;
734 3506 860 3558 testatur
880 3513 958 3556 enno
978 3504 1047 3576 post
1064 3490 1157 3556 chri·
1228 3552 1229 3555 ,
1263 3575 1266 3578 ¹

80 3609 151 3662 stom
179 3597 296 3665 decimo
325 3601 428 3686 quinto
456 3615 579 3667 senatus
607 3601 779 3679 decretum,
809 3597 890 3682 quod
917 3593 1042 3660 Tacitus
1067 3599 1158 3661 affort

81 3704 176 3770 annal.
204 3705 240 3784 1,
259 3705 329 3770 76.ι
360 3706 524 3773 Achaiam
541 3717 573 3769 er
591 3701 835 3780 Macedonium,
863 3722 985 3766 onero
1009 3699 1155 3782 deprc-

81 3820 234 3886 conces,
262 3810 364 3874 leuari
387 3813 421 3874 r'n
447 3833 598 3895 praesens
619 3805 840 3893 procoruolori
858 3802 987 3888 imperio
1007 3802 1155 3884 tradique

84 3905 208 3978 caesari
221 3916 357 4000 placuit.
398 3915 528 3982 Colonia
542 3917 697 3990 Romana,
727 3909 828 3974 seculo
849 3906 935 3972 tertio
955 3927 992 3968 eo
1012 3903 1154 3988 deducta,

82 4019 224 4092 quomodo
246 4019 352 4086 unbem
370 4020 521 4101 affecerit,
540 4017 685 4113 deinceps
698 4010 886 4111 uidebimus.
