<?xml version="1.0" encoding="UTF-8"?>
<!DOCTYPE html PUBLIC "-//W3C//DTD XHTML 1.0 Transitional//EN"
    "http://www.w3.org/TR/xhtml1/DTD/xhtml1-transitional.dtd">
<html xmlns="http://www.w3.org/1999/xhtml" xml:lang="en" lang="en">
 <head>
  <title>
</title>
<meta http-equiv="Content-Type" content="text/html;charset=utf-8" />
  <meta name='ocr-system' content='tesseract 3.04.00' />
  <meta name='ocr-capabilities' content='ocr_page ocr_carea ocr_par ocr_line ocrx_word'/>
</head>
<body>
  <div class='ocr_page' id='page_1' title='image "./dethessalonicae00tafegoog_0507.png"; bbox 0 0 2834 4772; ppageno 0'>
   <div class='ocr_carea' id='block_1_1' title="bbox 240 316 1360 458">
    <p class='ocr_par' dir='ltr' id='par_1_1' title="bbox 240 316 1412 460">
     <span class='ocr_line' id='line_1_1' title="bbox 240 316 1360 458; baseline 0.001 -18"><span class='ocrx_word' id='word_1_1' title='bbox 240 361 335 440; x_wconf 53' lang='lat' dir='ltr'><strong><em>‘m</em></strong></span> <span class='ocrx_word' id='word_1_2' title='bbox 681 385 903 440; x_wconf 68' lang='grc' dir='ltr'><strong><em>εεεεεαικε</em></strong></span> <span class='ocrx_word' id='word_1_3' title='bbox 1082 316 1085 322; x_wconf 23' lang='lat'><strong>¹</strong></span> <span class='ocrx_word' id='word_1_4' title='bbox 1243 364 1360 458; x_wconf 74' lang='lat' dir='ltr'><strong><em>[w.</em></strong></span> 
     </span>
    </p>
   </div>
   <div class='ocr_carea' id='block_1_2' title="bbox 219 530 1414 1820">
    <p class='ocr_par' dir='ltr' id='par_1_2' title="bbox 219 530 1414 1820">
     <span class='ocr_line' id='line_1_2' title="bbox 219 530 1363 634; baseline 0.006 -30"><span class='ocrx_word' id='word_1_5' title='bbox 219 532 228 562; x_wconf 84' lang='grc'><strong><em>’·</em></strong></span> <span class='ocrx_word' id='word_1_6' title='bbox 260 531 447 620; x_wconf 72' lang='grc' dir='ltr'><strong><em>ἀτέλεστος.</em></strong></span> <span class='ocrx_word' id='word_1_7' title='bbox 488 531 660 627; x_wconf 80' lang='grc' dir='ltr'><strong><em>Οῦδλγιίρ</em></strong></span> <span class='ocrx_word' id='word_1_8' title='bbox 679 530 928 626; x_wconf 76' lang='grc' dir='ltr'><strong><em>διεσπουδάζετό</em></strong></span> <span class='ocrx_word' id='word_1_9' title='bbox 948 539 983 605; x_wconf 83' lang='grc' dir='ltr'><strong><em>οῖ</em></strong></span> <span class='ocrx_word' id='word_1_10' title='bbox 1002 532 1127 608; x_wconf 82' lang='grc' dir='ltr'><strong><em>τούτοιν</em></strong></span> <span class='ocrx_word' id='word_1_11' title='bbox 1147 535 1211 624; x_wconf 77' lang='grc' dir='ltr'><strong><em>τὴν</em></strong></span> <span class='ocrx_word' id='word_1_12' title='bbox 1234 538 1363 634; x_wconf 72' lang='grc' dir='ltr'><strong><em>ἔφεσιν</em></strong></span> 
     </span>
     <span class='ocr_line' id='line_1_3' title="bbox 259 641 1363 738; baseline 0.007 -26"><span class='ocrx_word' id='word_1_13' title='bbox 259 643 454 731; x_wconf 82' lang='grc' dir='ltr'><strong><em>άπαπλήσαι</em></strong></span> <span class='ocrx_word' id='word_1_14' title='bbox 470 641 576 728; x_wconf 90' lang='grc' dir='ltr'><strong><em>μόνον</em></strong></span> <span class='ocrx_word' id='word_1_15' title='bbox 592 657 660 724; x_wconf 84' lang='grc' dir='ltr'><strong><em>τοῖς</em></strong></span> <span class='ocrx_word' id='word_1_16' title='bbox 675 643 831 732; x_wconf 79' lang='grc' dir='ltr'><strong><em>μύσταις,</em></strong></span> <span class='ocrx_word' id='word_1_17' title='bbox 849 641 940 730; x_wconf 80' lang='grc' dir='ltr'><strong><em>,α’λλό</em></strong></span> <span class='ocrx_word' id='word_1_18' title='bbox 959 672 997 734; x_wconf 89' lang='grc' dir='ltr'><strong><em>γε</em></strong></span> <span class='ocrx_word' id='word_1_19' title='bbox 1013 651 1068 716; x_wconf 84' lang='grc' dir='ltr'><strong><em>καί</em></strong></span> <span class='ocrx_word' id='word_1_20' title='bbox 1085 644 1127 718; x_wconf 86' lang='grc' dir='ltr'><strong><em>τό</em></strong></span> <span class='ocrx_word' id='word_1_21' title='bbox 1143 651 1209 718; x_wconf 75' lang='grc' dir='ltr'><strong><em>τῶν</em></strong></span> <span class='ocrx_word' id='word_1_22' title='bbox 1224 651 1363 738; x_wconf 67' lang='grc' dir='ltr'><strong><em>μύθων</em></strong></span> 
     </span>
     <span class='ocr_line' id='line_1_4' title="bbox 260 748 1364 845; baseline 0.005 -21"><span class='ocrx_word' id='word_1_23' title='bbox 260 748 551 844; x_wconf 89' lang='grc' dir='ltr'><strong><em>παραπετάσματα</em></strong></span> <span class='ocrx_word' id='word_1_24' title='bbox 577 756 739 841; x_wconf 80' lang='grc' dir='ltr'><strong><em>διασχεῖν,</em></strong></span> <span class='ocrx_word' id='word_1_25' title='bbox 770 758 827 824; x_wconf 83' lang='grc' dir='ltr'><strong><em>καὶ</em></strong></span> <span class='ocrx_word' id='word_1_26' title='bbox 851 755 969 824; x_wconf 82' lang='grc' dir='ltr'><strong><em>δοῦναι</em></strong></span> <span class='ocrx_word' id='word_1_27' title='bbox 996 757 1074 824; x_wconf 83' lang='grc' dir='ltr'><strong><em>εἴσει</em></strong></span> <span class='ocrx_word' id='word_1_28' title='bbox 1095 758 1272 845; x_wconf 83' lang='grc' dir='ltr'><strong><em>γυρήσαι,</em></strong></span> <span class='ocrx_word' id='word_1_29' title='bbox 1303 765 1364 830; x_wconf 80' lang='grc' dir='ltr'><strong><em>καί</em></strong></span> 
     </span>
     <span class='ocr_line' id='line_1_5' title="bbox 245 859 1359 958; baseline 0.008 -30"><span class='ocrx_word' id='word_1_30' title='bbox 245 887 295 930; x_wconf 42' lang='grc' dir='ltr'><strong><em>ττι</em></strong></span> <span class='ocrx_word' id='word_1_31' title='bbox 311 862 376 929; x_wconf 74' lang='grc' dir='ltr'><strong><em>νῦν</em></strong></span> <span class='ocrx_word' id='word_1_32' title='bbox 395 863 527 938; x_wconf 79' lang='grc' dir='ltr'><strong><em>πολλοῖς</em></strong></span> <span class='ocrx_word' id='word_1_33' title='bbox 546 859 728 958; x_wconf 81' lang='grc' dir='ltr'><strong><em>ἀνεφίκτου</em></strong></span> <span class='ocrx_word' id='word_1_34' title='bbox 748 863 943 932; x_wconf 78' lang='grc' dir='ltr'><strong><em>ἐποπτεῦσαι</em></strong></span> <span class='ocrx_word' id='word_1_35' title='bbox 963 868 1093 951; x_wconf 76' lang='grc' dir='ltr'><strong><em>θέαμα.</em></strong></span> <span class='ocrx_word' id='word_1_36' title='bbox 1130 863 1254 936; x_wconf 81' lang='grc' dir='ltr'><strong><em>Πόσοι</em></strong></span> <span class='ocrx_word' id='word_1_37' title='bbox 1272 893 1359 958; x_wconf 89' lang='grc' dir='ltr'><strong><em>προ-</em></strong></span> 
     </span>
     <span class='ocr_line' id='line_1_6' title="bbox 261 964 1358 1066; baseline 0.007 -28"><span class='ocrx_word' id='word_1_38' title='bbox 261 966 391 1050; x_wconf 87' lang='grc' dir='ltr'><strong><em>σιόντες</em></strong></span> <span class='ocrx_word' id='word_1_39' title='bbox 407 964 521 1064; x_wconf 87' lang='grc' dir='ltr'><strong><em>νήπιοι</em></strong></span> <span class='ocrx_word' id='word_1_40' title='bbox 540 968 731 1038; x_wconf 80' lang='grc' dir='ltr'><strong><em>λλάνθανον</em></strong></span> <span class='ocrx_word' id='word_1_41' title='bbox 752 968 827 1038; x_wconf 81' lang='grc' dir='ltr'><strong><em>άντλ</em></strong></span> <span class='ocrx_word' id='word_1_42' title='bbox 846 967 1012 1058; x_wconf 85' lang='grc' dir='ltr'><strong><em>γάλακτος</em></strong></span> <span class='ocrx_word' id='word_1_43' title='bbox 1030 973 1272 1065; x_wconf 82' lang='grc' dir='ltr'><strong><em>στεῤῥοτλραις</em></strong></span> <span class='ocrx_word' id='word_1_44' title='bbox 1289 1005 1358 1066; x_wconf 88' lang='grc' dir='ltr'><strong><em>μα-</em></strong></span> 
     </span>
     <span class='ocr_line' id='line_1_7' title="bbox 260 1075 1357 1171; baseline 0.003 -20"><span class='ocrx_word' id='word_1_45' title='bbox 260 1079 429 1166; x_wconf 79' lang='grc' dir='ltr'><strong><em>θημάτων</em></strong></span> <span class='ocrx_word' id='word_1_46' title='bbox 454 1086 598 1171; x_wconf 88' lang='grc' dir='ltr'><strong><em>τροφαῖς</em></strong></span> <span class='ocrx_word' id='word_1_47' title='bbox 625 1075 895 1166; x_wconf 77' lang='grc' dir='ltr'><strong><em>ἐξαυδρούμενοι,</em></strong></span> <span class='ocrx_word' id='word_1_48' title='bbox 930 1084 986 1149; x_wconf 81' lang='grc' dir='ltr'><strong><em>καλ</em></strong></span> <span class='ocrx_word' id='word_1_49' title='bbox 1012 1085 1285 1168; x_wconf 74' lang='grc' dir='ltr'><strong><em>γεγυμνασμένοι</em></strong></span> <span class='ocrx_word' id='word_1_50' title='bbox 1316 1079 1357 1154; x_wconf 81' lang='grc' dir='ltr'><strong><em>τό</em></strong></span> 
     </span>
     <span class='ocr_line' id='line_1_8' title="bbox 254 1183 1357 1278; baseline 0.002 -19"><span class='ocrx_word' id='word_1_51' title='bbox 254 1185 471 1278; x_wconf 73' lang='grc' dir='ltr'><strong><em>,αἰσθητήρια</em></strong></span> <span class='ocrx_word' id='word_1_52' title='bbox 505 1188 566 1256; x_wconf 88' lang='grc' dir='ltr'><strong><em>τοῦ</em></strong></span> <span class='ocrx_word' id='word_1_53' title='bbox 598 1183 676 1266; x_wconf 86' lang='grc' dir='ltr'><strong><em>νοῦς</em></strong></span> <span class='ocrx_word' id='word_1_54' title='bbox 709 1185 942 1274; x_wconf 82' lang='grc' dir='ltr'><strong><em>ἐπανήκοντες·</em></strong></span> <span class='ocrx_word' id='word_1_55' title='bbox 984 1193 1042 1258; x_wconf 84' lang='grc' dir='ltr'><strong><em>καλ</em></strong></span> <span class='ocrx_word' id='word_1_56' title='bbox 1066 1194 1155 1278; x_wconf 77' lang='grc' dir='ltr'><strong><em>χθὲς</em></strong></span> <span class='ocrx_word' id='word_1_57' title='bbox 1185 1197 1254 1277; x_wconf 73' lang='grc' dir='ltr'><strong><em>μὲν</em></strong></span> <span class='ocrx_word' id='word_1_58' title='bbox 1285 1199 1357 1272; x_wconf 86' lang='grc' dir='ltr'><strong><em>ταῖς</em></strong></span> 
     </span>
     <span class='ocr_line' id='line_1_9' title="bbox 260 1291 1414 1392; baseline 0.003 -26"><span class='ocrx_word' id='word_1_59' title='bbox 260 1294 425 1386; x_wconf 79' lang='grc' dir='ltr'><strong><em>γλώσσαις</em></strong></span> <span class='ocrx_word' id='word_1_60' title='bbox 451 1291 730 1388; x_wconf 81' lang='grc' dir='ltr'><strong><em>ῦπσψελλίζοντες,</em></strong></span> <span class='ocrx_word' id='word_1_61' title='bbox 758 1295 916 1386; x_wconf 80' lang='grc' dir='ltr'><strong><em>ἔντρανον</em></strong></span> <span class='ocrx_word' id='word_1_62' title='bbox 938 1299 1049 1366; x_wconf 76' lang='grc' dir='ltr'><strong><em>δὲκαὶ</em></strong></span> <span class='ocrx_word' id='word_1_63' title='bbox 1070 1296 1171 1385; x_wconf 86' lang='grc' dir='ltr'><strong><em>τυρόν</em></strong></span> <span class='ocrx_word' id='word_1_64' title='bbox 1195 1297 1358 1392; x_wconf 87' lang='grc' dir='ltr'><strong><em>φθεγγό-</em></strong></span> <span class='ocrx_word' id='word_1_65' title='bbox 1413 1301 1414 1350; x_wconf 53' lang='lat'>³</span> 
     </span>
     <span class='ocr_line' id='line_1_10' title="bbox 227 1401 1356 1496; baseline 0.002 -21"><span class='ocrx_word' id='word_1_66' title='bbox 227 1450 230 1458; x_wconf 89' lang='lat'><em>·</em></span> <span class='ocrx_word' id='word_1_67' title='bbox 260 1431 357 1494; x_wconf 88' lang='grc' dir='ltr'><strong><em>μενοι</em></strong></span> <span class='ocrx_word' id='word_1_68' title='bbox 381 1401 532 1494; x_wconf 87' lang='grc' dir='ltr'><strong><em>σήμερον.</em></strong></span> <span class='ocrx_word' id='word_1_69' title='bbox 572 1406 664 1476; x_wconf 82' lang='grc' dir='ltr'><strong><em>Εἴπω</em></strong></span> <span class='ocrx_word' id='word_1_70' title='bbox 694 1401 732 1471; x_wconf 87' lang='grc' dir='ltr'><strong><em>τὸ</em></strong></span> <span class='ocrx_word' id='word_1_71' title='bbox 754 1401 959 1492; x_wconf 81' lang='grc' dir='ltr'><strong><em>καινότερον·</em></strong></span> <span class='ocrx_word' id='word_1_72' title='bbox 993 1401 1092 1476; x_wconf 89' lang='grc' dir='ltr'><strong><em>πόσοι</em></strong></span> <span class='ocrx_word' id='word_1_73' title='bbox 1115 1408 1215 1496; x_wconf 79' lang='grc' dir='ltr'><strong><em>μέχρι</em></strong></span> <span class='ocrx_word' id='word_1_74' title='bbox 1235 1407 1356 1477; x_wconf 87' lang='grc' dir='ltr'><strong><em>τούτου</em></strong></span> 
     </span>
     <span class='ocr_line' id='line_1_11' title="bbox 261 1508 1357 1602; baseline 0.004 -20"><span class='ocrx_word' id='word_1_75' title='bbox 261 1515 497 1602; x_wconf 85' lang='grc' dir='ltr'><strong><em>γραμματικήν</em></strong></span> <span class='ocrx_word' id='word_1_76' title='bbox 522 1508 733 1600; x_wconf 75' lang='grc' dir='ltr'><strong><em>ἠκριβῶσθαι</em></strong></span> <span class='ocrx_word' id='word_1_77' title='bbox 760 1518 920 1582; x_wconf 81' lang='grc' dir='ltr'><strong><em>τοσοῦτον</em></strong></span> <span class='ocrx_word' id='word_1_78' title='bbox 939 1508 1061 1597; x_wconf 77' lang='grc' dir='ltr'><strong><em>ᾤοντο,</em></strong></span> <span class='ocrx_word' id='word_1_79' title='bbox 1090 1513 1134 1594; x_wconf 76' lang='grc' dir='ltr'><strong><em>είς</em></strong></span> <span class='ocrx_word' id='word_1_80' title='bbox 1154 1518 1357 1602; x_wconf 78' lang='grc' dir='ltr'><strong><em>ἐπαγγέλλε-</em></strong></span> 
     </span>
     <span class='ocr_line' id='line_1_12' title="bbox 262 1617 1356 1712; baseline 0 -20"><span class='ocrx_word' id='word_1_81' title='bbox 262 1629 355 1694; x_wconf 92' lang='grc' dir='ltr'><strong><em>σθαι</em></strong></span> <span class='ocrx_word' id='word_1_82' title='bbox 381 1626 438 1690; x_wconf 81' lang='grc' dir='ltr'><strong><em>καλ</em></strong></span> <span class='ocrx_word' id='word_1_83' title='bbox 458 1617 570 1699; x_wconf 80' lang='grc' dir='ltr'><strong><em>ἄλλοις</em></strong></span> <span class='ocrx_word' id='word_1_84' title='bbox 589 1623 821 1705; x_wconf 75' lang='grc' dir='ltr'><strong><em>καθηγεῖσθαι</em></strong></span> <span class='ocrx_word' id='word_1_85' title='bbox 841 1623 900 1702; x_wconf 76' lang='grc' dir='ltr'><strong><em>τῆς</em></strong></span> <span class='ocrx_word' id='word_1_86' title='bbox 919 1625 1044 1708; x_wconf 79' lang='grc' dir='ltr'><strong><em>τέχνης,</em></strong></span> <span class='ocrx_word' id='word_1_87' title='bbox 1076 1623 1136 1700; x_wconf 76' lang='grc' dir='ltr'><strong><em>ἕως</em></strong></span> <span class='ocrx_word' id='word_1_88' title='bbox 1157 1625 1279 1712; x_wconf 79' lang='grc' dir='ltr'><strong><em>ίκείνφ</em></strong></span> <span class='ocrx_word' id='word_1_89' title='bbox 1300 1651 1356 1694; x_wconf 86' lang='grc' dir='ltr'><strong><em>κα-</em></strong></span> 
     </span>
     <span class='ocr_line' id='line_1_13' title="bbox 260 1725 1350 1820; baseline 0.001 -19"><span class='ocrx_word' id='word_1_90' title='bbox 260 1728 335 1802; x_wconf 87' lang='grc' dir='ltr'><strong><em>νόνι</em></strong></span> <span class='ocrx_word' id='word_1_91' title='bbox 360 1733 416 1800; x_wconf 75' lang='grc' dir='ltr'><strong><em>καὶ</em></strong></span> <span class='ocrx_word' id='word_1_92' title='bbox 439 1733 518 1798; x_wconf 83' lang='grc' dir='ltr'><strong><em>ποτλ</em></strong></span> <span class='ocrx_word' id='word_1_93' title='bbox 536 1725 708 1814; x_wconf 77' lang='grc' dir='ltr'><strong><em>Σπάρταν</em></strong></span> <span class='ocrx_word' id='word_1_94' title='bbox 730 1730 816 1820; x_wconf 81' lang='grc' dir='ltr'><strong><em>φασὶ</em></strong></span> <span class='ocrx_word' id='word_1_95' title='bbox 842 1731 944 1799; x_wconf 84' lang='grc' dir='ltr'><strong><em>λίθον</em></strong></span> <span class='ocrx_word' id='word_1_96' title='bbox 966 1735 1173 1820; x_wconf 85' lang='grc' dir='ltr'><strong><em>παραθεῖναι</em></strong></span> <span class='ocrx_word' id='word_1_97' title='bbox 1198 1729 1247 1800; x_wconf 79' lang='grc' dir='ltr'><strong><em>τὰ</em></strong></span> <span class='ocrx_word' id='word_1_98' title='bbox 1269 1726 1350 1802; x_wconf 79' lang='grc' dir='ltr'><strong><em>καθ’</em></strong></span> 
     </span>
    </p>
   </div>
   <div class='ocr_carea' id='block_1_3' title="bbox 151 1831 1354 1928">
    <p class='ocr_par' dir='ltr' id='par_1_3' title="bbox 151 1831 1354 1928">
     <span class='ocr_line' id='line_1_14' title="bbox 151 1831 1354 1928; baseline 0.002 -20"><span class='ocrx_word' id='word_1_99' title='bbox 151 1893 153 1898; x_wconf 78' lang='lat'><em>.</em></span> <span class='ocrx_word' id='word_1_100' title='bbox 262 1838 399 1919; x_wconf 72' lang='grc' dir='ltr'><strong><em>ἑαυτοὺς</em></strong></span> <span class='ocrx_word' id='word_1_101' title='bbox 422 1838 582 1924; x_wconf 81' lang='grc' dir='ltr'><strong><em>ἔγνωσαν.</em></strong></span> <span class='ocrx_word' id='word_1_102' title='bbox 622 1833 733 1908; x_wconf 87' lang='grc' dir='ltr'><strong><em>Πόσοι</em></strong></span> <span class='ocrx_word' id='word_1_103' title='bbox 758 1840 853 1928; x_wconf 79' lang='grc' dir='ltr'><strong><em>μέχρι</em></strong></span> <span class='ocrx_word' id='word_1_104' title='bbox 878 1831 997 1906; x_wconf 89' lang='grc' dir='ltr'><strong><em>τούτου</em></strong></span> <span class='ocrx_word' id='word_1_105' title='bbox 1021 1837 1216 1926; x_wconf 83' lang='grc' dir='ltr'><strong><em>ῥητορικοῖς</em></strong></span> <span class='ocrx_word' id='word_1_106' title='bbox 1238 1839 1354 1928; x_wconf 72' lang='grc' dir='ltr'><strong><em>χάρισι</em></strong></span> 
     </span>
    </p>
   </div>
   <div class='ocr_carea' id='block_1_4' title="bbox 219 1943 1354 2362">
    <p class='ocr_par' dir='ltr' id='par_1_4' title="bbox 219 1943 1354 2362">
     <span class='ocr_line' id='line_1_15' title="bbox 260 1943 1354 2038; baseline 0.003 -20"><span class='ocrx_word' id='word_1_107' title='bbox 260 1945 359 2018; x_wconf 85' lang='grc' dir='ltr'><strong><em>θύειν</em></strong></span> <span class='ocrx_word' id='word_1_108' title='bbox 380 1943 537 2034; x_wconf 79' lang='grc' dir='ltr'><strong><em>ἐνόμιζον,</em></strong></span> <span class='ocrx_word' id='word_1_109' title='bbox 558 1948 617 2025; x_wconf 79' lang='grc' dir='ltr'><strong><em>ἕως</em></strong></span> <span class='ocrx_word' id='word_1_110' title='bbox 635 1949 699 2014; x_wconf 85' lang='grc' dir='ltr'><strong><em>τῶν</em></strong></span> <span class='ocrx_word' id='word_1_111' title='bbox 720 1944 916 2022; x_wconf 80' lang='grc' dir='ltr'><strong><em>Εὐσταθλου</em></strong></span> <span class='ocrx_word' id='word_1_112' title='bbox 933 1945 1106 2032; x_wconf 79' lang='grc' dir='ltr'><strong><em>Σειρήνων</em></strong></span> <span class='ocrx_word' id='word_1_113' title='bbox 1123 1945 1354 2038; x_wconf 72' lang='grc' dir='ltr'><strong><em>ἠκροάσαντο</em></strong></span> 
     </span>
     <span class='ocr_line' id='line_1_16' title="bbox 260 2049 1353 2147; baseline 0.002 -21"><span class='ocrx_word' id='word_1_114' title='bbox 260 2052 374 2126; x_wconf 88' lang='grc' dir='ltr'><strong><em>Πόσοι</em></strong></span> <span class='ocrx_word' id='word_1_115' title='bbox 400 2055 605 2147; x_wconf 73' lang='grc' dir='ltr'><strong><em>φιλοσοφίαν</em></strong></span> <span class='ocrx_word' id='word_1_116' title='bbox 631 2058 727 2143; x_wconf 82' lang='grc' dir='ltr'><strong><em>μέχρι</em></strong></span> <span class='ocrx_word' id='word_1_117' title='bbox 751 2055 869 2124; x_wconf 86' lang='grc' dir='ltr'><strong><em>τούτου</em></strong></span> <span class='ocrx_word' id='word_1_118' title='bbox 894 2049 1082 2142; x_wconf 76' lang='grc' dir='ltr'><strong><em>πρεσβεύειν</em></strong></span> <span class='ocrx_word' id='word_1_119' title='bbox 1104 2054 1266 2138; x_wconf 78' lang='grc' dir='ltr'><strong><em>ἐδόκουν.</em></strong></span> <span class='ocrx_word' id='word_1_120' title='bbox 1299 2065 1353 2136; x_wconf 78' lang='grc' dir='ltr'><strong><em>λιες</em></strong></span> 
     </span>
     <span class='ocr_line' id='line_1_17' title="bbox 219 2158 1351 2254; baseline 0.002 -22"><span class='ocrx_word' id='word_1_121' title='bbox 219 2167 225 2178; x_wconf 78' lang='grc'>’</span> <span class='ocrx_word' id='word_1_122' title='bbox 262 2166 373 2251; x_wconf 71' lang='grc' dir='ltr'><strong><em>ἐκείνῳ</em></strong></span> <span class='ocrx_word' id='word_1_123' title='bbox 393 2171 566 2252; x_wconf 79' lang='grc' dir='ltr'><strong><em>τεχνοῦντι</em></strong></span> <span class='ocrx_word' id='word_1_124' title='bbox 581 2169 697 2250; x_wconf 77' lang='grc' dir='ltr'><strong><em>τέχνας</em></strong></span> <span class='ocrx_word' id='word_1_125' title='bbox 713 2165 768 2230; x_wconf 81' lang='grc' dir='ltr'><strong><em>καί</em></strong></span> <span class='ocrx_word' id='word_1_126' title='bbox 781 2158 895 2241; x_wconf 86' lang='grc' dir='ltr'><strong><em>πόσας</em></strong></span> <span class='ocrx_word' id='word_1_127' title='bbox 912 2162 1097 2252; x_wconf 73' lang='grc' dir='ltr'><strong><em>ἐπιστήμας</em></strong></span> <span class='ocrx_word' id='word_1_128' title='bbox 1112 2165 1351 2254; x_wconf 76' lang='grc' dir='ltr'><strong><em>ίπιστημοῦπε</em></strong></span> 
     </span>
     <span class='ocr_line' id='line_1_18' title="bbox 263 2266 1351 2362; baseline -0.002 -20"><span class='ocrx_word' id='word_1_129' title='bbox 263 2276 465 2362; x_wconf 77' lang='grc' dir='ltr'><strong><em>παρέβαλον.</em></strong></span> <span class='ocrx_word' id='word_1_130' title='bbox 504 2268 550 2340; x_wconf 84' lang='grc' dir='ltr'><strong><em>Τό</em></strong></span> <span class='ocrx_word' id='word_1_131' title='bbox 568 2267 599 2339; x_wconf 81' lang='grc' dir='ltr'><strong><em>δ’</em></strong></span> <span class='ocrx_word' id='word_1_132' title='bbox 621 2275 775 2340; x_wconf 73' lang='grc' dir='ltr'><strong><em>ἐντεῦθεν</em></strong></span> <span class='ocrx_word' id='word_1_133' title='bbox 791 2266 925 2354; x_wconf 86' lang='grc' dir='ltr'><strong><em>γνόντες</em></strong></span> <span class='ocrx_word' id='word_1_134' title='bbox 943 2267 1090 2352; x_wconf 79' lang='grc' dir='ltr'><strong><em>ἑαυτούς,</em></strong></span> <span class='ocrx_word' id='word_1_135' title='bbox 1110 2266 1248 2342; x_wconf 87' lang='grc' dir='ltr'><strong><em>κοίκεῖνο</em></strong></span> <span class='ocrx_word' id='word_1_136' title='bbox 1270 2275 1351 2360; x_wconf 78' lang='grc' dir='ltr'><strong><em>πριλ-</em></strong></span> 
     </span>
    </p>
   </div>
   <div class='ocr_carea' id='block_1_5' title="bbox 129 2373 1352 2474">
    <p class='ocr_par' dir='ltr' id='par_1_5' title="bbox 129 2373 1352 2474">
     <span class='ocr_line' id='line_1_19' title="bbox 129 2373 1352 2474; baseline -0.002 -24"><span class='ocrx_word' id='word_1_137' title='bbox 129 2451 130 2456; x_wconf 68' lang='grc'><strong><em>,</em></strong></span> <span class='ocrx_word' id='word_1_138' title='bbox 261 2407 325 2449; x_wconf 88' lang='grc' dir='ltr'><strong><em>τον</em></strong></span> <span class='ocrx_word' id='word_1_139' title='bbox 348 2383 455 2460; x_wconf 81' lang='grc' dir='ltr'><strong><em>καλῶς</em></strong></span> <span class='ocrx_word' id='word_1_140' title='bbox 479 2376 690 2474; x_wconf 82' lang='grc' dir='ltr'><strong><em>σοφιζόμενον</em></strong></span> <span class='ocrx_word' id='word_1_141' title='bbox 712 2375 750 2446; x_wconf 87' lang='grc' dir='ltr'><strong><em>τό</em></strong></span> <span class='ocrx_word' id='word_1_142' title='bbox 771 2381 845 2464; x_wconf 82' lang='grc' dir='ltr'><strong><em>περὶ</em></strong></span> <span class='ocrx_word' id='word_1_143' title='bbox 864 2384 1002 2458; x_wconf 72' lang='grc' dir='ltr'><strong><em>ἑαυτῶν,</em></strong></span> <span class='ocrx_word' id='word_1_144' title='bbox 1030 2373 1073 2458; x_wconf 78' lang='grc' dir='ltr'><strong><em>ὡς</em></strong></span> <span class='ocrx_word' id='word_1_145' title='bbox 1094 2378 1191 2450; x_wconf 79' lang='grc' dir='ltr'><strong><em>οῦδὲν</em></strong></span> <span class='ocrx_word' id='word_1_146' title='bbox 1211 2375 1352 2458; x_wconf 76' lang='grc' dir='ltr'><strong><em>εἰδότων.</em></strong></span> 
     </span>
    </p>
   </div>
   <div class='ocr_carea' id='block_1_6' title="bbox 239 2478 1353 4102">
    <p class='ocr_par' dir='ltr' id='par_1_6' title="bbox 239 2478 1353 4102">
     <span class='ocr_line' id='line_1_20' title="bbox 264 2478 1352 2582; baseline -0.002 -22"><span class='ocrx_word' id='word_1_147' title='bbox 264 2488 386 2560; x_wconf 81' lang='grc' dir='ltr'><strong><em>εἰδέναι</em></strong></span> <span class='ocrx_word' id='word_1_148' title='bbox 405 2498 538 2582; x_wconf 74' lang='grc' dir='ltr'><strong><em>σαφεῖς,</em></strong></span> <span class='ocrx_word' id='word_1_149' title='bbox 569 2486 608 2556; x_wconf 86' lang='grc' dir='ltr'><strong><em>τό</em></strong></span> <span class='ocrx_word' id='word_1_150' title='bbox 630 2478 715 2557; x_wconf 82' lang='grc' dir='ltr'><strong><em>εἶναι</em></strong></span> <span class='ocrx_word' id='word_1_151' title='bbox 733 2487 793 2555; x_wconf 87' lang='grc' dir='ltr'><strong><em>τοῦ</em></strong></span> <span class='ocrx_word' id='word_1_152' title='bbox 813 2488 947 2556; x_wconf 88' lang='grc' dir='ltr'><strong><em>οἴεσθαι</em></strong></span> <span class='ocrx_word' id='word_1_153' title='bbox 966 2485 1006 2554; x_wconf 82' lang='grc' dir='ltr'><strong><em>τὸ</em></strong></span> <span class='ocrx_word' id='word_1_154' title='bbox 1026 2480 1144 2557; x_wconf 85' lang='grc' dir='ltr'><strong><em>λοιπόν</em></strong></span> <span class='ocrx_word' id='word_1_155' title='bbox 1164 2481 1352 2572; x_wconf 83' lang='grc' dir='ltr'><strong><em>όντηλλιίτ·</em></strong></span> 
     </span>
     <span class='ocr_line' id='line_1_21' title="bbox 267 2581 1353 2693; baseline -0.003 -26"><span class='ocrx_word' id='word_1_156' title='bbox 267 2624 374 2669; x_wconf 85' lang='grc' dir='ltr'><strong><em>ταντα.</em></strong></span> <span class='ocrx_word' id='word_1_157' title='bbox 418 2596 528 2693; x_wconf 76' lang='grc' dir='ltr'><strong><em>Ταύτῃ</em></strong></span> <span class='ocrx_word' id='word_1_158' title='bbox 547 2624 600 2666; x_wconf 90' lang='grc' dir='ltr'><strong><em>τοι</em></strong></span> <span class='ocrx_word' id='word_1_159' title='bbox 621 2600 677 2664; x_wconf 76' lang='grc' dir='ltr'><strong><em>καὶ</em></strong></span> <span class='ocrx_word' id='word_1_160' title='bbox 697 2581 914 2689; x_wconf 77' lang='grc' dir='ltr'><strong><em>στρεφόμενοι</em></strong></span> <span class='ocrx_word' id='word_1_161' title='bbox 933 2599 989 2664; x_wconf 84' lang='grc' dir='ltr'><strong><em>καλ</em></strong></span> <span class='ocrx_word' id='word_1_162' title='bbox 1009 2593 1052 2673; x_wconf 79' lang='grc' dir='ltr'><strong><em>ὥς</em></strong></span> <span class='ocrx_word' id='word_1_163' title='bbox 1072 2597 1187 2674; x_wconf 83' lang='grc' dir='ltr'><strong><em>παῖδες</em></strong></span> <span class='ocrx_word' id='word_1_164' title='bbox 1207 2595 1353 2686; x_wconf 79' lang='grc' dir='ltr'><strong><em>όρτιμα·</em></strong></span> 
     </span>
     <span class='ocr_line' id='line_1_22' title="bbox 263 2700 1350 2798; baseline -0.002 -22"><span class='ocrx_word' id='word_1_165' title='bbox 263 2714 341 2787; x_wconf 87' lang='grc' dir='ltr'><strong><em>θεῖς</em></strong></span> <span class='ocrx_word' id='word_1_166' title='bbox 356 2703 533 2795; x_wconf 89' lang='grc' dir='ltr'><strong><em>γινόμενοι,</em></strong></span> <span class='ocrx_word' id='word_1_167' title='bbox 554 2700 707 2791; x_wconf 81' lang='grc' dir='ltr'><strong><em>ἠγάπων,</em></strong></span> <span class='ocrx_word' id='word_1_168' title='bbox 729 2700 830 2773; x_wconf 87' lang='grc' dir='ltr'><strong><em>είνῦν</em></strong></span> <span class='ocrx_word' id='word_1_169' title='bbox 845 2709 927 2790; x_wconf 90' lang='grc' dir='ltr'><strong><em>γοῦν</em></strong></span> <span class='ocrx_word' id='word_1_170' title='bbox 943 2700 1120 2793; x_wconf 78' lang='grc' dir='ltr'><strong><em>ἀρχόμενοι</em></strong></span> <span class='ocrx_word' id='word_1_171' title='bbox 1136 2703 1221 2796; x_wconf 88' lang='grc' dir='ltr'><strong><em>παρ’</em></strong></span> <span class='ocrx_word' id='word_1_172' title='bbox 1241 2707 1350 2798; x_wconf 67' lang='grc' dir='ltr'><strong><em>ἐκείνᾳ</em></strong></span> 
     </span>
     <span class='ocr_line' id='line_1_23' title="bbox 263 2807 1353 2903; baseline 0.002 -20"><span class='ocrx_word' id='word_1_173' title='bbox 263 2812 537 2903; x_wconf 81' lang='grc' dir='ltr'><strong><em>μεταδιδάσκοντι</em></strong></span> <span class='ocrx_word' id='word_1_174' title='bbox 566 2807 831 2897; x_wconf 86' lang='grc' dir='ltr'><strong><em>μαθητεύοιντο,</em></strong></span> <span class='ocrx_word' id='word_1_175' title='bbox 864 2817 919 2880; x_wconf 85' lang='grc' dir='ltr'><strong><em>καλ</em></strong></span> <span class='ocrx_word' id='word_1_176' title='bbox 945 2814 1072 2900; x_wconf 75' lang='grc' dir='ltr'><strong><em>γηρρῖεν</em></strong></span> <span class='ocrx_word' id='word_1_177' title='bbox 1099 2811 1353 2899; x_wconf 74' lang='grc' dir='ltr'><strong><em>μανθάνοντες.</em></strong></span> 
     </span>
     <span class='ocr_line' id='line_1_24' title="bbox 256 2915 1350 3014; baseline -0.002 -20"><span class='ocrx_word' id='word_1_178' title='bbox 256 2918 409 2994; x_wconf 82' lang='grc' dir='ltr'><strong><em>Ὅτεναλ</em></strong></span> <span class='ocrx_word' id='word_1_179' title='bbox 426 2919 503 2999; x_wconf 81' lang='grc' dir='ltr'><strong><em>τοὺς</em></strong></span> <span class='ocrx_word' id='word_1_180' title='bbox 519 2916 569 2990; x_wconf 83' lang='grc' dir='ltr'><strong><em>όελ</em></strong></span> <span class='ocrx_word' id='word_1_181' title='bbox 585 2925 860 3012; x_wconf 78' lang='grc' dir='ltr'><strong><em>προσφοιτῶντας</em></strong></span> <span class='ocrx_word' id='word_1_182' title='bbox 875 2923 931 2988; x_wconf 83' lang='grc' dir='ltr'><strong><em>καλ</em></strong></span> <span class='ocrx_word' id='word_1_183' title='bbox 948 2915 1206 3014; x_wconf 82' lang='grc' dir='ltr'><strong><em>είποφοιτιῖνεας</em></strong></span> <span class='ocrx_word' id='word_1_184' title='bbox 1221 2923 1350 3010; x_wconf 72' lang='grc' dir='ltr'><strong><em>θεόμο-</em></strong></span> 
     </span>
     <span class='ocr_line' id='line_1_25' title="bbox 264 3022 1350 3120; baseline -0.003 -17"><span class='ocrx_word' id='word_1_185' title='bbox 264 3057 339 3112; x_wconf 86' lang='grc' dir='ltr'><strong><em>νος,</em></strong></span> <span class='ocrx_word' id='word_1_186' title='bbox 366 3026 622 3120; x_wconf 75' lang='grc' dir='ltr'><strong><em>τής,’ομηρενής</em></strong></span> <span class='ocrx_word' id='word_1_187' title='bbox 642 3022 929 3115; x_wconf 79' lang='grc' dir='ltr'><strong><em>ἀνεμιμνησκόμην</em></strong></span> <span class='ocrx_word' id='word_1_188' title='bbox 955 3025 1088 3109; x_wconf 85' lang='grc' dir='ltr'><strong><em>είκόνος.</em></strong></span> <span class='ocrx_word' id='word_1_189' title='bbox 1127 3025 1185 3108; x_wconf 85' lang='grc' dir='ltr'><strong><em>Ὡς</em></strong></span> <span class='ocrx_word' id='word_1_190' title='bbox 1206 3031 1276 3120; x_wconf 80' lang='grc' dir='ltr'><strong><em>γάρ</em></strong></span> <span class='ocrx_word' id='word_1_191' title='bbox 1294 3035 1350 3100; x_wconf 82' lang='grc' dir='ltr'><strong><em>πί-</em></strong></span> 
     </span>
     <span class='ocr_line' id='line_1_26' title="bbox 239 3129 1351 3234; baseline 0.001 -25"><span class='ocrx_word' id='word_1_192' title='bbox 239 3167 242 3178; x_wconf 94' lang='lat'><em>·</em></span> <span class='ocrx_word' id='word_1_193' title='bbox 261 3163 345 3228; x_wconf 87' lang='grc' dir='ltr'><strong><em>τρης</em></strong></span> <span class='ocrx_word' id='word_1_194' title='bbox 364 3141 399 3210; x_wconf 80' lang='grc' dir='ltr'><strong><em>ἐκ</em></strong></span> <span class='ocrx_word' id='word_1_195' title='bbox 414 3139 584 3230; x_wconf 73' lang='grc' dir='ltr'><strong><em>γλαφυρῆς</em></strong></span> <span class='ocrx_word' id='word_1_196' title='bbox 602 3135 690 3218; x_wconf 82' lang='grc' dir='ltr'><strong><em>ἔθνη</em></strong></span> <span class='ocrx_word' id='word_1_197' title='bbox 707 3136 870 3234; x_wconf 78' lang='grc' dir='ltr'><strong><em>μελισσῶν</em></strong></span> <span class='ocrx_word' id='word_1_198' title='bbox 887 3135 1016 3218; x_wconf 77' lang='grc' dir='ltr'><strong><em>ἔξεισιν,</em></strong></span> <span class='ocrx_word' id='word_1_199' title='bbox 1037 3129 1121 3206; x_wconf 83' lang='grc' dir='ltr'><strong><em>οῦτοι</em></strong></span> <span class='ocrx_word' id='word_1_200' title='bbox 1138 3142 1197 3206; x_wconf 81' lang='grc' dir='ltr'><strong><em>κοιλ</em></strong></span> <span class='ocrx_word' id='word_1_201' title='bbox 1217 3141 1265 3234; x_wconf 66' lang='grc' dir='ltr'><strong><em>τῷ</em></strong></span> <span class='ocrx_word' id='word_1_202' title='bbox 1286 3139 1351 3210; x_wconf 71' lang='grc' dir='ltr'><strong><em>Βό-</em></strong></span> 
     </span>
     <span class='ocr_line' id='line_1_27' title="bbox 265 3242 1351 3336; baseline 0 -18"><span class='ocrx_word' id='word_1_203' title='bbox 265 3249 413 3318; x_wconf 83' lang='grc' dir='ltr'><strong><em>σταθίου</em></strong></span> <span class='ocrx_word' id='word_1_204' title='bbox 438 3246 610 3336; x_wconf 82' lang='grc' dir='ltr'><strong><em>μελισσῦνι</em></strong></span> <span class='ocrx_word' id='word_1_205' title='bbox 636 3249 860 3328; x_wconf 79' lang='grc' dir='ltr'><strong><em>προσίπταντο</em></strong></span> <span class='ocrx_word' id='word_1_206' title='bbox 885 3247 940 3313; x_wconf 82' lang='grc' dir='ltr'><strong><em>καί</em></strong></span> <span class='ocrx_word' id='word_1_207' title='bbox 969 3242 1158 3335; x_wconf 74' lang='grc' dir='ltr'><strong><em>ἀφίσταντο</em></strong></span> <span class='ocrx_word' id='word_1_208' title='bbox 1186 3249 1351 3336; x_wconf 81' lang='grc' dir='ltr'><strong><em>βοτρυδόν</em></strong></span> 
     </span>
     <span class='ocr_line' id='line_1_28' title="bbox 263 3349 1351 3449; baseline -0.002 -21"><span class='ocrx_word' id='word_1_209' title='bbox 263 3361 425 3449; x_wconf 79' lang='grc' dir='ltr'><strong><em>ὁσημέραι</em></strong></span> <span class='ocrx_word' id='word_1_210' title='bbox 445 3350 629 3449; x_wconf 78' lang='grc' dir='ltr'><strong><em>φιλολόγων</em></strong></span> <span class='ocrx_word' id='word_1_211' title='bbox 650 3349 758 3440; x_wconf 88' lang='grc' dir='ltr'><strong><em>σμήνη</em></strong></span> <span class='ocrx_word' id='word_1_212' title='bbox 778 3354 894 3440; x_wconf 86' lang='grc' dir='ltr'><strong><em>μυρίοι,</em></strong></span> <span class='ocrx_word' id='word_1_213' title='bbox 914 3357 971 3422; x_wconf 83' lang='grc' dir='ltr'><strong><em>καλ</em></strong></span> <span class='ocrx_word' id='word_1_214' title='bbox 994 3355 1029 3420; x_wconf 87' lang='grc' dir='ltr'><strong><em>εἴ</em></strong></span> <span class='ocrx_word' id='word_1_215' title='bbox 1039 3378 1125 3432; x_wconf 83' lang='grc' dir='ltr'><strong><em>τινες</em></strong></span> <span class='ocrx_word' id='word_1_216' title='bbox 1144 3351 1253 3436; x_wconf 78' lang='grc' dir='ltr'><strong><em>ἄλλος</em></strong></span> <span class='ocrx_word' id='word_1_217' title='bbox 1274 3353 1351 3444; x_wconf 87' lang='grc' dir='ltr'><strong><em>όρε-</em></strong></span> 
     </span>
     <span class='ocr_line' id='line_1_29' title="bbox 265 3463 1349 3556; baseline -0.002 -20"><span class='ocrx_word' id='word_1_218' title='bbox 265 3469 324 3556; x_wconf 86' lang='grc' dir='ltr'><strong><em>τής</em></strong></span> <span class='ocrx_word' id='word_1_219' title='bbox 345 3491 379 3535; x_wconf 92' lang='grc' dir='ltr'><strong><em>τι</em></strong></span> <span class='ocrx_word' id='word_1_220' title='bbox 398 3466 641 3552; x_wconf 84' lang='grc' dir='ltr'><strong><em>μετεποιοῦντο,</em></strong></span> <span class='ocrx_word' id='word_1_221' title='bbox 661 3464 715 3528; x_wconf 86' lang='grc' dir='ltr'><strong><em>καί</em></strong></span> <span class='ocrx_word' id='word_1_222' title='bbox 732 3465 957 3550; x_wconf 83' lang='grc' dir='ltr'><strong><em>ῥυθμίσοντος</em></strong></span> <span class='ocrx_word' id='word_1_223' title='bbox 973 3465 1202 3548; x_wconf 69' lang='grc' dir='ltr'><strong><em>προσεδέοντο.</em></strong></span> <span class='ocrx_word' id='word_1_224' title='bbox 1234 3463 1349 3552; x_wconf 78' lang='grc' dir='ltr'><strong><em>Νόμος</em></strong></span> 
     </span>
     <span class='ocr_line' id='line_1_30' title="bbox 264 3561 1349 3666; baseline -0.001 -25"><span class='ocrx_word' id='word_1_225' title='bbox 264 3573 330 3665; x_wconf 80' lang='grc' dir='ltr'><strong><em>γὰρ</em></strong></span> <span class='ocrx_word' id='word_1_226' title='bbox 345 3561 388 3662; x_wconf 77' lang='grc' dir='ltr'><strong><em>ἦν</em></strong></span> <span class='ocrx_word' id='word_1_227' title='bbox 405 3573 554 3666; x_wconf 77' lang='grc' dir='ltr'><strong><em>ἔμψυχος</em></strong></span> <span class='ocrx_word' id='word_1_228' title='bbox 567 3569 696 3658; x_wconf 85' lang='grc' dir='ltr'><strong><em>άρετής,</em></strong></span> <span class='ocrx_word' id='word_1_229' title='bbox 713 3572 769 3637; x_wconf 84' lang='grc' dir='ltr'><strong><em>καί</em></strong></span> <span class='ocrx_word' id='word_1_230' title='bbox 784 3573 923 3658; x_wconf 85' lang='grc' dir='ltr'><strong><em>μεγίστη</em></strong></span> <span class='ocrx_word' id='word_1_231' title='bbox 943 3567 1027 3657; x_wconf 85' lang='grc' dir='ltr'><strong><em>πρὸς</em></strong></span> <span class='ocrx_word' id='word_1_232' title='bbox 1043 3565 1164 3657; x_wconf 78' lang='grc' dir='ltr'><strong><em>ἀρετήν</em></strong></span> <span class='ocrx_word' id='word_1_233' title='bbox 1177 3569 1349 3662; x_wconf 72' lang='grc' dir='ltr'><strong><em>παράκλη-</em></strong></span> 
     </span>
     <span class='ocr_line' id='line_1_31' title="bbox 264 3673 1320 3771; baseline -0.004 -19"><span class='ocrx_word' id='word_1_234' title='bbox 264 3705 333 3766; x_wconf 90' lang='grc' dir='ltr'><strong><em>σις,</em></strong></span> <span class='ocrx_word' id='word_1_235' title='bbox 355 3676 394 3751; x_wconf 87' lang='grc' dir='ltr'><strong><em>οῦ</em></strong></span> <span class='ocrx_word' id='word_1_236' title='bbox 413 3677 518 3770; x_wconf 91' lang='grc' dir='ltr'><strong><em>μόνον</em></strong></span> <span class='ocrx_word' id='word_1_237' title='bbox 537 3674 779 3771; x_wconf 85' lang='grc' dir='ltr'><strong><em>φθεγγόμενος,</em></strong></span> <span class='ocrx_word' id='word_1_238' title='bbox 800 3674 885 3748; x_wconf 84' lang='grc' dir='ltr'><strong><em>όλλό</em></strong></span> <span class='ocrx_word' id='word_1_239' title='bbox 905 3682 960 3747; x_wconf 84' lang='grc' dir='ltr'><strong><em>καλ</em></strong></span> <span class='ocrx_word' id='word_1_240' title='bbox 979 3673 1084 3764; x_wconf 90' lang='grc' dir='ltr'><strong><em>μόνον</em></strong></span> <span class='ocrx_word' id='word_1_241' title='bbox 1102 3677 1320 3765; x_wconf 81' lang='grc' dir='ltr'><strong><em>βλεπόμενος.</em></strong></span> 
     </span>
     <span class='ocr_line' id='line_1_32' title="bbox 343 3782 1348 3876; baseline 0.003 -22"><span class='ocrx_word' id='word_1_242' title='bbox 343 3788 377 3854; x_wconf 88' lang='grc'><strong><em>8.</em></strong></span> <span class='ocrx_word' id='word_1_243' title='bbox 389 3835 393 3844; x_wconf 84' lang='lat'>-</span> <span class='ocrx_word' id='word_1_244' title='bbox 407 3786 453 3856; x_wconf 88' lang='grc' dir='ltr'><strong><em>Ὢ</em></strong></span> <span class='ocrx_word' id='word_1_245' title='bbox 474 3783 651 3874; x_wconf 84' lang='grc' dir='ltr'><strong><em>προσώπου</em></strong></span> <span class='ocrx_word' id='word_1_246' title='bbox 670 3789 805 3870; x_wconf 82' lang='grc' dir='ltr'><strong><em>σεμνοῦ·</em></strong></span> <span class='ocrx_word' id='word_1_247' title='bbox 831 3782 1078 3874; x_wconf 78' lang='grc' dir='ltr'><strong><em>ι’ίεῦσχήμονος</em></strong></span> <span class='ocrx_word' id='word_1_248' title='bbox 1099 3785 1272 3876; x_wconf 80' lang='grc' dir='ltr'><strong><em>σχήματος</em></strong></span> <span class='ocrx_word' id='word_1_249' title='bbox 1292 3791 1348 3858; x_wconf 82' lang='grc' dir='ltr'><strong><em>καλ</em></strong></span> 
     </span>
     <span class='ocr_line' id='line_1_33' title="bbox 261 3884 1350 3988; baseline -0.002 -24"><span class='ocrx_word' id='word_1_250' title='bbox 261 3899 458 3986; x_wconf 75' lang='grc' dir='ltr'><strong><em>Περικλέους</em></strong></span> <span class='ocrx_word' id='word_1_251' title='bbox 476 3895 532 3964; x_wconf 85' lang='grc' dir='ltr'><strong><em>καί</em></strong></span> <span class='ocrx_word' id='word_1_252' title='bbox 552 3884 773 3987; x_wconf 83' lang='grc' dir='ltr'><strong><em>Ξενοκράτους</em></strong></span> <span class='ocrx_word' id='word_1_253' title='bbox 793 3889 1055 3984; x_wconf 83' lang='grc' dir='ltr'><strong><em>αίδεσιμιίτερον,</em></strong></span> <span class='ocrx_word' id='word_1_254' title='bbox 1073 3889 1168 3986; x_wconf 71' lang='grc' dir='ltr'><strong><em>μόνην</em></strong></span> <span class='ocrx_word' id='word_1_255' title='bbox 1193 3900 1244 3988; x_wconf 72' lang='grc' dir='ltr'><strong><em>τήν·</em></strong></span> <span class='ocrx_word' id='word_1_256' title='bbox 1266 3901 1350 3988; x_wconf 73' lang='grc' dir='ltr'><strong><em>φεῖ.</em></strong></span> 
     </span>
     <span class='ocr_line' id='line_1_34' title="bbox 260 3995 1349 4102; baseline 0.006 -34"><span class='ocrx_word' id='word_1_257' title='bbox 260 3995 386 4073; x_wconf 79' lang='grc' dir='ltr'><strong><em>νεσθαι</em></strong></span> <span class='ocrx_word' id='word_1_258' title='bbox 404 4006 662 4100; x_wconf 76' lang='grc' dir='ltr'><strong><em>σοφρονίζοντος</em></strong></span> <span class='ocrx_word' id='word_1_259' title='bbox 679 4004 757 4088; x_wconf 86' lang='grc' dir='ltr'><strong><em>τοῦς</em></strong></span> <span class='ocrx_word' id='word_1_260' title='bbox 775 3999 937 4092; x_wconf 77' lang='grc' dir='ltr'><strong><em>ὁρῶντας,</em></strong></span> <span class='ocrx_word' id='word_1_261' title='bbox 958 4004 1042 4096; x_wconf 89' lang='grc' dir='ltr'><strong><em>πρός</em></strong></span> <span class='ocrx_word' id='word_1_262' title='bbox 1057 4001 1119 4095; x_wconf 80' lang='grc' dir='ltr'><strong><em>τήν</em></strong></span> <span class='ocrx_word' id='word_1_263' title='bbox 1137 4001 1224 4102; x_wconf 73' lang='grc' dir='ltr'><strong><em>ὄφιν</em></strong></span> <span class='ocrx_word' id='word_1_264' title='bbox 1243 4029 1349 4094; x_wconf 74' lang='grc' dir='ltr'><strong><em>μετι-</em></strong></span> 
     </span>
    </p>
   </div>
   <div class='ocr_carea' id='block_1_7' title="bbox 0 0 1423 4772">
    <p class='ocr_par' dir='ltr' id='par_1_7' title="bbox 0 0 1423 4772">
     <span class='ocr_line' id='line_1_35' title="bbox 0 0 1423 4772; baseline 0 0"><span class='ocrx_word' id='word_1_265' title='bbox 0 0 1423 4772; x_wconf 95' lang='lat' dir='ltr'><strong><em> </em></strong></span> 
     </span>
    </p>
   </div>
  </div>
 </body>
</html>
