2824 4770
356 453 377 486 ,.
443 411 763 480 innotescemus.
1021 426 1145 488 ‘xxxv

74 575 171 664 primo,
192 575 429 662 outn’the'ologis
442 577 501 660 ἠ)Ι
518 577 589 645 itleo
608 577 701 643 nolim
722 578 863 662 trihuers,
874 572 966 666 'quotl
983 603 1045 649 uon
1065 583 1142 652 roos

73 697 196 765 constet,
223 698 324 747 utrum
340 682 588 768 haschnciansa
606 684 738 749 namatio
758 683 815 769 ipsi
837 681 971 752 Lucieno
991 709 1018 752 s.
1038 689 1141 754 seculo

73 788 194 851 secundo
216 786 379 868 debeatur,
400 809 439 852 an
459 789 556 853 Lucio
577 787 728 867 Ratrensi,
758 791 843 872 cujus
861 787 1068 856 ille'lobularn
1089 815 1141 858 re-

73 890 190 974 petiisse
214 892 320 957 lentur.
343 890 392 974 ²²)
433 893 539 958 Vitam
559 907 657 958 sutem
678 892 992 962 Thessalonicensium
1013 897 1078 981 jam
1099 903 1140 965 D.
1187 936 1193 959 t

72 994 151 1059 Pauli
170 1017 248 1062 aevo
270 996 362 1062 variis
382 997 506 1062 maculis
527 1019 717 1082 conspersam
738 996 849 1079 luisse,
876 1021 931 1084 per
949 1025 984 1065 se
1004 1026 1063 1066 non
1083 1002 1142 1068 mi·
1185 985 1192 994 ’

71 1120 130 1166 tum
148 1099 279 1181 videtur,
301 1116 391 1185 atque
410 1125 451 1164 ex
471 1099 566 1187 ipsius
586 1101 713 1186 apostoli
731 1101 827 1166 literis
847 1107 951 1170 eodern
973 1106 1072 1194 missis
1092 1112 1142 1190 (l,

68 1203 345 1284 4‚3-u.1u.11.
372 1208 414 1286 ll,
434 1207 466 1288 3,
487 1207 518 1276 6,
537 1209 602 1286 ll.)
623 1206 697 1273 satis
718 1221 858 1294 apparet3
879 1207 994 1294 vixque
1013 1213 1054 1276 atl
1071 1236 1142 1290 ‚earn

68 1332 124 1376 rem
144 1332 221 1395 opus
242 1322 324 1390 erat,
354 1307 471 1376 aunum
487 1311 671 1376 Lucisneum
690 1310 722 1376 in
742 1334 861 1376 scenam
882 1315 1064 1398 produceret
1085 1318 1118 1358 ¹³
1127 1335 1141 1398 )

70 1434 140 1495 uuae
160 1413 291 1480 bestiola
306 1436 344 1480 ne
360 1413 532 1480 hominibus
546 1415 609 1502 piis,
622 1416 779 1500 doctisque
798 1398 982 1501 imposuerit,
1002 1421 1143 1505 estquod

70 1516 195 1588 tineam.
235 1521 378 1606 Namque
391 1519 547 1586 Lusiones
566 1520 697 1587 narratio
716 1521 830 1586 fabulis
850 1521 1015 1590 Milonianis
1035 1546 1145 1604 acceng

71 1623 158 1687 seoda
178 1637 244 1705 est,
273 1647 351 1709 quas
370 1624 527 1690 veritatem
546 1625 719 1693 historicam
745 1625 781 1704 in
797 1624 925 1710 singulis
945 1648 1005 1698 non
1025 1643 1147 1708 soctan}

72 1739 126 1808 tur.
158 1728 238 1810 Dein
256 1730 433 1816 Appuleius,
455 1730 589 1796 Lucieno
605 1752 747 1812 coaevus,
768 1728 799 1794 in
818 1752 876 1795 sua
894 1729 1032 1814 ejusdem
1049 1736 1146 1817 ploos
1237 1809 1239 1818 y

68 1835 113 1902 rer·
138 1836 308 1904 narratione
334 1861 394 1902 non
414 1827 662 1908 Thessalonicam
683 1846 844 1914 memorat,
873 1835 928 1899 sed
949 1833 1144 1918 Corinthum,

69 1936 98 2004 in
118 1940 202 2023 cnjus
222 1940 306 2006 urbis
326 1942 444 2010 theatro
464 1940 618 2011 mulierem
639 1939 817 2020 veneficam,
837 1959 856 2004 o
878 1937 1012 2006 Lucieno
1032 1961 1146 2022 mensos

68 2058 170 2124 ratem,
192 2046 291 2130 adque
313 2046 425 2113 bestius
440 2048 622 2124 detructum,
641 2041 791 2128 singulari
809 2064 925 2128 poenum
945 2063 1057 2124 genere
1076 2058 1146 2110 ants

66 2146 161 2233 ipsum
176 2150 356 2235 supplicium
371 2150 473 2222 asinus
490 2148 677 2217 matrimonio
694 2148 754 2212 sibi
765 2148 924 2230 juncturus
941 2141 1006 2210 erat
1020 2149 1145 2233 (hppnl,

65 2253 262 2336 metamorph.
278 2251 336 2319 lib.
351 2255 396 2318 Χ.
412 2255 476 2318 224
489 2255 513 2302 -’
529 2253 601 2326 232.
622 2275 694 2339 pag.
707 2253 896 2338 alu-751.
906 2252 955 2314 od.
967 2251 1146 2333 ¹ornicum),

65 2357 174 2422 Notam
190 2354 425 2428 Thessalonicae
444 2377 463 2420 a
482 2355 635 2439 theologis
654 2354 822 2440 impositam
842 2353 881 2418 ad
902 2352 1079 2418 Corinthum
1100 2377 1147 2420 re·

65 2459 127 2524 labi
150 2459 249 2525 violes.
290 2457 416 2529 Verum
428 2457 496 2544 quis
517 2459 659 2539 tandem,
679 2457 709 2522 ni
730 2457 820 2524 luerit
840 2471 998 2536 extremae,
1013 2458 1145 2542 creduli·
1201 2527 1205 2537 ,

48 2561 133 2628 'tatis
154 2563 257 2647 horno,
285 2577 460 2651 spraetore
480 2561 583 2648 populi
601 2561 731 2648 Romani
752 2562 839 2630 talem
860 2584 986 2648 poenum
1002 2563 1144 2630 ,malefico

67 2666 209 2734 inflictam
228 2691 296 2737 esse
315 2665 376 2734 sibi
395 2666 599 2754 persuadebit,
621 2665 739 2750 qualern
753 2665 905 2737 Luciacus
917 2667 1144 2760 Appuleiusqus

68 2795 123 2836 non
144 2786 286 2854 narrant,
312 2771 366 2846 sed
386 2795 439 2857 per
455 2772 556 2842 lusum
576 2770 717 2856 fingunt?
742 2773 847 2835 'lmmo
870 2784 994 2856 uterque
1016 2773 1144 2860 scriptor
1176 2802 1179 2807 ’
1215 2852 1221 2858 ¹

68 2875 105 2940 ad
123 2875 276 2958 ultimam,
308 2899 397 2961 quarn
417 2875 540 2959 dicunt,
567 2875 688 2942 fabulas
708 2877 947 2966 καταστροφὴν
966 2898 1143 2962 properans,
1172 2882 1174 2888 '

69 2980 212 3060 nefastam
239 2978 382 3047 connubii
407 2979 518 3046 asinini
545 3002 664 3062 scenam
684 2979 800 3048 inuno,
815 2984 952 3048 alterave
974 2981 1052 3046 urbe
1068 3003 1144 3071 ιρις

70 3081 145 3151 lenta
165 3085 319 3172 producit3
349 3085 428 3170 quotl
450 3083 585 3166 asinum,
614 3083 637 3152 i.
658 3107 687 3151 e.
708 3085 857 3152 hominem
878 3086 909 3152 in
930 3083 1144 3176 eam'bestiarn

73 3301 76 3308 ·
103 3287 127 3318 ι
133 3272 252 3333 )Ρι1ι
270 3271 379 3341 proleg.
397 3267 428 3322 in
441 3267 579 3340 epistolas
626 3275 674 3340 pta
689 3268 757 3324 ferri
774 3273 884 3341 puto)
875 3268 994 3326 serioris
1011 3267 1083 3328 aevi
1092 3285 1143 3323 an·

69 3353 143 3408 Pauli
162 3353 492 3425 Thessalonicensesp.
510 3357 561 3408 ΧΙι
627 3360 688 3408 ctor
705 3370 867 3427 anonymus
889 3351 1078 3424 composuit.
1098 3357 1143 3416 De

104 3437 252 3515 utquid?
266 3436 578 3509 qnodipsel’hotius‚e
627 3435 682 3493 alio
704 3437 834 3494 Luciasi
849 3435 956 3508 scripto
982 3439 1070 3510 notho
1094 3439 1142 3493 sel

70 3537 122 3591 quo
138 3527 200 3578 solo
214 3522 335 3578 Lucium
347 3514 579 3580 Patreusemno·
625 3521 795 3594 interpolato
814 3521 1045 3594 (Philopstritv
1071 3522 1143 3578 uie.

16 3675 17 3684 ἵ
69 3605 158 3664 rimus
176 3607 320 3675 (biotiossn
339 3609 401 3663 cod.
419 3611 503 3680 129),
525 3610 579 3664 dn·
626 3607 723 3664 buhrii
754 3607 959 3680 praelationem
993 3609 1029 3662 ad
1057 3603 1142 3668 Husii

69 3690 131 3747 hius
155 3694 271 3762 haeret,
297 3690 479 3750 Luciaunsue
504 3694 579 3748 auti
628 3693 784 3751 aditionem
803 3693 910 3750 Leonis
925 3691 1047 3750 Dioooni
1065 3696 1143 3750 Bon

70 3777 150 3847 quior
165 3779 205 3834 sit
221 3795 258 3834 nn
274 3777 401 3834 Lucinsl
416 3776 494 3838 Mihi
512 3797 578 3836 cum
626 3797 748 3836 oensem
765 3798 796 3852 p
787 3781 862 3834 .1Χ.

69 3861 127 3917 eliis
142 3862 284 3920 Lucienus
299 3863 436 3929 maiorem
454 3866 578 3922 lahnlam
664 3872 707 3934 ιι)
729 3869 815 3935 llug.
832 3858 984 3918 rotrocus
1001 3857 1089 3913 libros
1105 3833 1143 3917 N

70 3948 220 4021 scripsisse
239 3948 362 4016 ridetur,
385 3948 465 4017 cnjus
486 3950 577 4020 epito-
627 3955 665 4008 T.
684 3953 730 4006 ed
749 3955 776 4006 3.
797 3952 832 4002 T.
852 3953 878 4002 2.
905 3965 934 4016 p.
953 3945 1014 3999 341.
1048 3947 1139 4003 Pell.

69 4049 132 4091 tneu
148 4043 248 4108 (quum
264 4033 492 4092 interlauciauea
505 4036 578 4094 scri·
627 4040 648 4092 1³.
668 4055 696 4094 c.
714 4054 745 4107 p.
761 4039 812 4094 221.
831 4039 891 4087 uot.
912 4035 937 4086 2.
995 4079 998 4088 ,
1111 4071 1141 4096 Δ,ι

875 4119 934 4183 ,ιι
