2834 4772
223 375 301 451 382
484 383 522 424 2
637 387 857 443 ευειειοιει.
981 389 997 410 ’-
1197 357 1309 452 [σεε.

223 548 382 638 βασιλίδα
403 525 503 614 πόλιν
530 537 642 631 πρῶτη
665 537 835 612 δυσοδθεν
855 537 1040 626 ἀνίσχουσα
1059 539 1308 627 πανευδαίμων,

225 659 282 726 ναί
309 650 504 747 ῦσφραδίοις
531 655 744 737 μαρτυριιιοίς
770 646 1007 730 άντιπνίουοα,
1038 644 1099 718 οῦκ
1119 649 1311 740 ἀνασχετόν

224 766 336 856 ἡγεῖτο
356 764 674 849 παρευημερηθῆναι
694 765 749 828 ιιαλ
767 755 1008 852 ἀποσφαλῆναι
1027 760 1157 828 τοιοῦδε
1176 763 1233 828 καί
1252 761 1310 830 οῦ-

226 901 290 952 τως
311 867 472 961 ἐρασμίου
497 869 609 936 καλοῦ.
659 867 787 938 Οὔκουν
813 867 913 951 άνὴνε
939 870 1081 952 λέγουσα
1109 864 1226 936 πάντα
1252 874 1310 940 καί

224 979 436 1072 πράττουσα,
467 979 527 1055 ἕως
553 977 600 1062 τῷ
627 979 718 1062 καλῶ
744 999 796 1044 σοι
825 979 976 1069 νυμφίῳ,
1006 981 1063 1043 καί
1091 971 1151 1070 οἵῳ
1179 977 1308 1048 οὐδέπω

226 1088 397 1177 πρότερον,
417 1077 578 1176 ἥρμοστο,
599 1074 705 1172 οἶμαι·
726 1083 907 1173 μᾶλλονδὲ
927 1074 1002 1150 οἶδα
1023 1085 1150 1176 σαφῶς,
1173 1088 1220 1164 ῶς
1235 1087 1306 1156 οὐδ’

225 1200 374 1274 ίσαῖθις-
396 1191 650 1282 άρμοσθὴσεταί
674 1219 767 1274 ποτε,
797 1187 850 1260 ὅτι
870 1187 951 1280 μηδ’
973 1186 993 1259 ὁ
1012 1190 1166 1278 ἐσόμενος
1184 1191 1309 1286 χρόνος

228 1299 299 1383 οἷός
318 1328 352 1372 τε
372 1303 481 1370 ἔσεται
502 1304 608 1394 φῦσαι
628 1299 813 1388 άνθρῶπου
833 1298 958 1368 τοιόνδε
974 1299 1103 1386 χρῆμα,
1128 1297 1249 1371 ὁποῖον
1270 1309 1309 1370 σὲ

225 1416 408 1482 τελευταῖον
430 1417 494 1477 τῶν
514 1409 601 1478 κατά
624 1405 773 1500 Χριστόν
794 1403 968 1495 ἀρχιερέων
989 1410 1106 1499 σοφῶν
1125 1405 1169 1488 ῶς
1190 1417 1227 1478 δν
1248 1407 1310 1499 γή-

226 1546 270 1612 ρρι
291 1524 356 1588 ’καὶ
386 1515 546 1614 ὀψίγονον
564 1503 682 1587 Ιἔτεκεν
714 1515 732 1587 ό
764 1515 875 1587 πάντα
892 1523 1029 1603 γεννῶν
1060 1521 1116 1584 καί
1149 1519 1308 1610 φθείρων

207 1625 324 1696 Ιαίῶν·
354 1623 398 1706 ῶς
423 1631 478 1695 καί
504 1634 568 1694 τῶν
585 1622 780 1710 Ἑλληνικῶν
808 1631 1003 1714 στρατηγῶν
1027 1621 1174 1696 ὕστατον
1200 1629 1312 1716 εἴρηκέ

224 1763 275 1816 τις
294 1735 354 1805 τὸν
374 1730 513 1823 άργαίον
537 1735 772 1822 Φιλοποίμενα.
1405 1721 1406 1732 ἶ

271 1916 274 1922 .
308 1868 361 1935 12.
400 1871 456 1947 Τίς
476 1865 558 1956 γάρ,
591 1860 658 1946 οἷος
679 1863 736 1942 σὺ,
767 1868 827 1934 τοῦ
850 1867 968 1935 λοιποῦ
988 1861 1116 1961 ῦφηλὸς
1137 1863 1198 1932 τὸν
1219 1867 1308 1951 βίον,

226 1972 286 2046 τόν
306 1973 406 2064 λόγον
425 1981 601 2063 μετέωρος,
628 1975 689 2064 τὴν
707 1975 884 2062 ἱερωσύνην
905 1971 1072 2063 αἰθέριος,
1101 1975 1157 2042 καί
1179 1969 1225 2053 ῶς
1247 1969 1308 2042 ἀπ’

227 2082 330 2153 αὐτοῦ
363 2086 422 2152 τοῦ
451 2085 579 2172 θρόνου
609 2087 758 2171 Χριστοῦ
787 2087 1003 2171 θεμιστεύων
1024 2081 1195 2169 ἄντικρυς,
1229 2084 1307 2150 εἴπω

226 2192 260 2284 δ’
282 2190 335 2273 άν,
365 2195 420 2260 καί
442 2187 485 2271 ῶς
505 2190 559 2259 ἐπ’
580 2187 683 2279 αὐτῆς
708 2193 767 2271 τῆς
788 2187 966 2282 ἀκρωρείας
987 2193 1045 2260 τοῦ
1062 2193 1159 2260 Σινά
1175 2217 1310 2279 χρημα-

226 2303 319 2384 τίζων
339 2298 562 2389 λογιζόμενος,
593 2291 679 2379 ὅπως
704 2301 778 2386 βίον
803 2306 864 2386 μὲν
892 2301 952 2368 τοῦ
965 2298 1058 2366 ’κατά
1082 2303 1117 2368 σί
1137 2303 1309 2390 προβῆναι

220 2412 385 2507 περιωπῇ,
407 2403 428 2495 ἢ
449 2403 504 2476 ἐπ’
527 2403 629 2476 αὐτὸν
649 2403 765 2474 ίλάσαι
785 2405 844 2474 τόν
862 2410 992 2494 βατῆρα
1013 2407 1074 2475 τοῦ
1094 2405 1207 2494 λόγου,
1230 2403 1308 2492 οὐδ’

157 2587 159 2594 ,
228 2515 273 2586 άυ
300 2519 345 2585 ἑνί
373 2517 438 2584 τῶν
459 2511 622 2584 ’ἁπάντων
651 2519 833 2602 ίγγίυοιτο;
862 2520 953 2584 Είσω
980 2519 1014 2583 δὲ
1043 2515 1139 2582 δῦναι
1166 2519 1311 2607 νεφέλης

199 2636 200 2648 ’
226 2627 291 2694 τῶν
317 2622 410 2714 παρά
437 2628 491 2692 σοί
519 2622 709 2710 νοημάτων,
740 2627 795 2691 καί
816 2626 953 2711 λογικῶν
974 2623 1113 2693 άκοῦσαι
1133 2623 1318 2713 μεθόδων,

227 2730 303 2802 οῦδὲ
324 2734 423 2801 τοῦτο
444 2728 699 2820 προστυχόντος,
722 2723 774 2799 ὅτι
798 2731 843 2819 μὴ
866 2732 1050 2800 Μωσαϊκοῦ
1070 2742 1160 2808 τινος
1181 2717 1226 2812 ἦν
1248 2727 1308 2798 άν-

227 2836 317 2930 δρός·
359 2839 377 2906 ό
403 2841 436 2904 δέ
460 2864 497 2923 γε
524 2819 790 2924 σόμμικτοςίιαὶ
815 2837 916 2919 πολῦς
947 2834 1037 2908 κάτω
1065 2862 1131 2906 που
1160 2841 1236 2925 περί
1266 2835 1308 2904 τά

226 2945 392 3037 κράσπεδα
418 2953 477 3014 τοῦ
499 2943 596 3032 ῦρους
621 2945 775 3028 εἱστήκει,
803 2945 907 3031 μόνης
928 2954 985 3035 τῆς
1008 2949 1190 3024 θεσπεσίας
1208 2942 1311 3032 ἠχοῦς

227 3054 404 3143 ἀγαπητῶς
424 3049 637 3140 άιιροῶμενος.
688 3057 825 3124 Πολλοῦ
844 3080 881 3142 γε
900 3057 1028 3138 μᾶλλον
1048 3059 1082 3122 δὲ
1101 3056 1161 3122 τοῦ
1182 3055 1311 3133 παντὸς

226 3166 290 3234 ἔδει
310 3164 370 3248 τὴν
389 3160 453 3251 σὴν
473 3165 700 3249 καταθαρσεῖν
725 3162 866 3244 ἔντευξιν
891 3164 1014 3251 θηρίον
1037 3159 1234 3246 ὁτιποτοῦν,
1267 3161 1312 3242 ὥς

227 3272 324 3360 ἒγγός
351 3274 513 3359 γενέσθαι
540 3267 588 3355 μὴ
608 3268 699 3366 μετά
728 3275 843 3364 φρίκης
871 3274 926 3338 καί
952 3273 1124 3358 δείματος,
1163 3272 1228 3340 εἴτε
1258 3293 1309 3348 τις

228 3377 443 3475 φορολογιιιός
463 3373 504 3468 ἦν
525 3382 608 3447 λε’ων
628 3383 684 3447 καί
705 3377 829 3464 ἔγκατα
850 3381 961 3448 πάντα
982 3379 1224 3472 λαφύσσων,*)
1247 3379 1317 3447 εἴτε

226 3487 390 3573 δυνάστης
415 3486 555 3566 εὐδαιιός
578 3488 704 3581 ποικίλη
725 3487 867 3580 πονηρίᾳ
888 3487 1015 3568 στικτός
1035 3485 1110 3558 ῶσεί
1133 3486 1307 3578 πάρδαλις,

226 3599 287 3667 εἴτε
311 3596 407 3688 λύκος
431 3589 542 3686 όίρπαξ
561 3595 610 3688 τῷ
627 3595 767 3689 ποιμνίῳ
789 3599 954 3683 ἐμπίπτων
974 3601 1031 3665 καί
1050 3595 1307 3686 λυμαινόμενος.

257 3832 288 3898 ’)
307 3829 536 3901 8ιιμμ1ίεειίοοεε
556 3849 609 3903 pro
626 3828 739 3887 civibus
786 3829 883 3902 μεὶεεε
899 3833 1044 3903 putandus
1062 3839 1124 3906 εεί,
1153 3851 1242 3905 quam
1260 3831 1308 3888 ιιΙὶἰ

223 3913 287 3974 uuis
310 3922 407 3972 οοαίτε
423 3915 592 3972 tributorum
609 3915 739 3973 vexatio·
785 3916 998 3988 metropolitae,
1034 3917 1117 3984 οιιίοι
1140 3922 1308 3992 exemplum

225 4016 280 4058 σοι
296 3998 463 4058 Euanthius
487 4019 546 4058 υοο
565 4002 647 4060 aliter
666 3999 740 4060 ucri·
785 3997 860 4058 infin
879 4004 972 4073 dabo,
993 4017 1059 4072 περ.
1077 4004 1106 4060 4.
