2824 4770
236 353 380 448 Xivm
613 390 920 448 t’raotttttootsslta.

236 545 301 616 uita
314 543 402 610 Bruti
417 565 483 628 cap.
499 541 551 608 lo.
569 543 628 608 rite
642 541 799 624 oonjioiesr
818 539 872 606 Ἐκ
889 539 1006 606 τούτου
1026 543 1109 624 μὲν.
1126 589 1135 606 .
1155 533 1316 624 ὑπέσχετο

118 701 120 710 J
237 655 366 732 (Brutus
387 647 418 712 in
437 646 552 732 proelio
565 644 768 733 Philippensi)
784 647 890 724 aelric
904 645 1160 732 ἀγωνισαμένοις
1176 644 1235 715 driu
1254 643 1317 715 πό·

237 763 303 834 lore
324 751 368 832 εἰς
388 749 540 839 ἁρπαγὴν
560 755 615 820 καὶ
635 751 794 841 ὠφέλειαν
814 751 962 842 ἀνήσειν,
990 754 1235 838 Θεσσαλονίκην
1258 763 1317 824 orel

236 867 483 948 Λακεδαίμονα.
528 857 622 928 'Addit
647 861 826 935 Plutarchus
855 863 950 944 1.ο.,
980 860 1077 926 luisse
1108 861 1188 926 hane
1217 863 1316 928 solam

237 970 384 1036 maculam
409 966 490 1032 vitae
510 963 599 1030 Bruti
629 963 840 1050 integerrimae
866 967 1040 1052 adspersam
1062 964 1315 1036 inexcusabilem.

238 1076 301 1141 Sed
315 1075 385 1157 jore
402 1071 531 1156 quodam
545 1068 608 1153 egit
623 1072 754 1151 Brutus,
776 1071 861 1154 eujus
878 1071 1036 1158 provinoia
1050 1083 1117 1135 eret
1133 1069 1317 1136 Macedonia
1400 1105 1401 1172 q

21 1195 24 1202 '
90 1197 103 1211 ·
238 1175 584 1264 (Appian.lllyr.13.;
611 1172 761 1238 belhoio.
777 1175 809 1255 3,
825 1176 927 1242 2.σὸ3.
948 1172 980 1256 4,
1000 1175 1224 1256 57.58.75.),
1244 1175 1319 1239 lieet
1400 1212 1401 1220 ν

238 1307 294 1371 per
308 1280 469 1346 Antonium
490 1277 641 1344 abstracto
657 1278 805 1364 (Appiam
823 1280 896 1346 hell.
911 1281 969 1345 oio.
987 1280 1067 1362 3,·8.
1083 1279 1116 1362 4,
1131 1280 1212 1360 57.).
1245 1283 1316 1366 lpse

238 1409 314 1453 vero
328 1381 584 1473 Appianas.(bell.
600 1381 661 1446 eir.
678 1383 711 1464 4,
728 1383 815 1465 118.)
835 1399 927 1450 totam
944 1387 1143 1452 narrationem
1159 1387 1199 1452 de
1213 1388 1318 1452 'Phes-

239 1489 392 1557 salunieae
404 1483 700 1569 Lacedaemonisque
715 1486 880 1575 direptione
894 1486 1038 1556 militibus
1048 1489 1197 1579 promissa
1209 1489 1242 1553 in
1259 1493 1319 1554 do·

241 1594 323 1660 lrium
348 1613 458 1658 vorare
480 1590 617 1669 videtur,
645 1591 697 1654 vel
711 1591 743 1655 in
762 1593 893 1658 medium
913 1595 1100 1682 relinquere,
1127 1594 1176 1660 his
1194 1593 1316 1660 uerbisr

187 1713 231 1779 20
245 1705 368 1780 Δοκεῖ
384 1703 425 1766 δέ
446 1720 576 1778 τισιν,
598 1699 653 1762 aul
672 1699 909 1783 Λακεδαίμονα
930 1707 984 1768 καὶ
996 1712 1006 1772 ll
1020 1703 1262 1782 Θεσσαλονίκην
1285 1703 1318 1778 ἐς

242 1803 398 1893 ἁρπαγήν
420 1805 532 1882 αὐτοῖς
554 1799 667 1870 δώσειν
686 1803 907 1892 ὑποσχέσθαι.
950 1811 1018 1888 Quo
1037 1807 1105 1872 looo
1124 1807 1320 1872 Plutarchum

241 1929 320 1980 terte
340 1912 490 1998 respicere
510 1910 583 1974 mihi
607 1909 737 1974 videtur.
779 1913 918 1978 Ceterum
942 1913 996 1998 qui
1016 1913 1096 1978 hano
1116 1911 1318 1976 narrationem

240 2033 274 2086 ut
300 2018 360 2083 alia
386 2037 535 2102 perpenna
555 2012 669 2078 suisio
690 2016 730 2078 D.
754 2015 839 2079 Pauli
866 2017 1008 2104 epistolas
1029 2015 1319 2081 Tlressalonieenses

239 2107 460 2211 prolegomenis
485 2118 677 2223 ppaemittere
697 2119 810 2200 solent,
838 2134 977 2206 tanquam
999 2143 1088 2208 opum
1109 2118 1242 2184 civitatis
1262 2144 1320 2184 no·

239 2242 321 2294 strae
347 2223 563 2305 testimonium,
593 2246 646 2289 eos
676 2223 768 2288 nolim
788 2227 1045 2291 Lacedaemonem
1065 2223 1213 2291 'oblivisci
1228 2225 1320 2308 juxta

146 2341 148 2346 '
193 2397 196 2406 ,
240 2345 449 2410 memoratam,
480 2327 583 2394 urbem
606 2351 669 2394 non
696 2329 868 2414 opulentam
888 2330 1038 2415 valdeque
1058 2351 1077 2393 a
1098 2328 1249 2416 Philippis
1270 2353 1321 2395 re-

239 2452 361 2502 motam.
403 2438 515 2498 Brutus
535 2431 695 2518 imperator
715 2436 758 2518 (si
779 2459 852 2502 vera
869 2449 989 2499 narrant
1006 2432 1149 2499 historiae
1165 2437 1321 2498 Romanae
1400 2447 1401 2508 j

240 2540 395 2618 auctores)
416 2553 571 2620 utramque
591 2536 715 2620 urbem,
733 2561 793 2602 non
813 2539 908 2602 solum
930 2539 1050 2604 utilitati
1070 2559 1191 2604 suorum
1211 2561 1321 2603 oonsu-
1400 2535 1401 2544 ³

240 2645 320 2723 lens,
341 2641 395 2705 sed
416 2640 506 2704 etiam
527 2659 643 2723 poenae
662 2663 752 2705 eausa
773 2641 970 2728 diripiendam
991 2641 1135 2708 militibus
1155 2644 1320 2725 eorroessit;

241 2750 295 2835 qui
314 2747 421 2813 ineolis
441 2746 473 2810 in
493 2745 665 2809 servitutem
684 2745 798 2810 abactis
818 2745 1040 2831 divenditisque
1058 2745 1086 2812 si
1100 2770 1240 2831 maguum
1259 2748 1320 2816 sihi

242 2851 427 2918 eommodum
447 2863 602 2914 enatorum
624 2850 802 2934 sperabant,
833 2849 971 2935 equidem
993 2876 1052 2917 noo
1078 2850 1214 2920 invideo.
1254 2858 1321 2919 Lu·

155 2983 160 2994 ·
243 2979 324 3022 enom
345 2939 444 3020 tamen
463 2975 603 3038 magnum
617 2953 717 3036 xluisse
737 2954 871 3039 negabit,
895 2955 947 3038 qui
967 2955 1075 3021 misere
1095 2972 1156 3022 tum
1178 2959 1217 3024 ob
1238 2961 1321 3027 bella

243 3059 345 3124 eirilia
366 3057 543 3122 exhaustam
564 3079 679 3123 omnem
698 3059 906 3124 Macedoniam
930 3083 969 3124 ex
990 3061 1129 3148 Appiano
1149 3079 1180 3128 et
1198 3051 1323 3132 Pluter-¹

243 3165 299 3229 eho
328 3161 514 3246 cognoverit.
555 3167 603 3226 lle
628 3177 761 3248 tempore
787 3162 836 3228 his
861 3162 950 3228 hellis
972 3166 1078 3251 priore
1103 3191 1136 3233 v.
1164 3169 1321 3237 Ciceronis

242 3269 406 3335 orationem
425 3267 456 3332 in
477 3271 517 3331 L.
534 3267 672 3332 Pisonem
691 3270 741 3332 17.
756 3263 807 3332 al.
826 3269 877 3333 35.

324 3371 415 3434 Anno
443 3371 550 3460 proelii
576 3371 777 3459 Philippensis
803 3373 1019 3440 Thessalonica
1045 3399 1111 3440 eum
1137 3377 1320 3444 Macedonio

143 3536 146 3542 .
236 3475 374 3550 seuolum
395 3477 557 3541 seeundum
576 3475 705 3562 amissae
725 3491 792 3562 post
811 3478 955 3544 Andrisoi
977 3474 1172 3547 rebellionem
1192 3481 1319 3548 liberta-

241 3579 281 3643 tis
301 3576 422 3662 agebar.
463 3581 610 3646 Salutaris
630 3605 704 3666 vero
724 3580 792 3645 urbi
811 3570 929 3646 nostrae
944 3585 1070 3670 partium
1086 3585 1213 3651 Antonii
1229 3601 1319 3671 atque

242 3679 403 3748 Oetaviaui
410 3685 577 3750 assentatio
591 3685 659 3750 fnit.
692 3689 768 3751 llam
786 3685 864 3758 enirn
879 3687 996 3750 liberm
1006 3689 1194 3756 conditionis
1203 3692 1318 3756 Plinius

241 3788 336 3870 major
356 3784 430 3850 dieit
448 3790 488 3852 N.
510 3793 552 3856 Η.
572 3788 774 3876 4,10(17)=
804 3788 884 3874 quod
910 3788 1088 3856 beneficium
1109 3795 1230 3877 quando
1252 3795 1319 3860 urbi

228 3889 393 3973 evenerit,
424 3891 476 3958 ubi
502 3915 520 3958 ο
539 3894 637 3959 numia
658 3895 791 3979 ejusdem
815 3905 1036 3975 monstravero,
1063 3919 1171 3962 novam
1192 3898 1335 3964 liberta·'

241 4008 301 4061 tem
327 3993 457 4082 apertius
480 4015 641 4086 exponam.
681 4000 758 4066 Sunt
783 4010 883 4066 autem
903 3996 985 4074 numi
1005 3998 1331 4078 Thessalonicensium
