2878 4774
114 397 196 491 vul*
535 413 755 468 utoscssrs.
1131 387 1185 468 03
1257 445 1262 458 .

112 585 142 638 nt
160 567 246 650 aliis,
266 568 327 654 ipsi
346 565 523 652 injnnetnn.
563 569 636 636 snit
656 567 752 636 erneis
771 568 951 647 Thessaliae
971 567 1011 649 (i.
1028 592 1059 638 a.
1080 569 1183 640 Thas-
1290 635 1295 644 .

112 676 203 742 saliae
227 696 294 738 cunr
315 673 511 754 Macedonia)
541 676 673 764 ἔξαρχος
700 671 889 756 (visitator),
918 689 950 738 ut
970 675 1186 755 Heracleensis

113 781 163 863 (ad
184 776 408 866 Propontidem)
432 776 675 868 archiepiscopus
695 779 792 846 omnis
813 778 962 844 Thraciae
981 801 1018 846 ac
1038 783 1186 854 Macedo?

115 884 180 950 niae
201 883 241 959 ti.
262 905 290 947 e.
314 882 498 964 Thraciae),
523 885 594 950 coll.
616 882 714 950 Mich.
737 888 833 967 Lequ.
854 882 886 948 in
906 886 962 950 Or.
984 883 1088 950 christ.
1108 885 1186 954 Vol.

109 990 148 1050 ll.
174 1011 206 1074 p.
226 986 278 1052 26.
319 986 438 1050 Titulus
467 988 533 1070 ejus
558 989 737 1054 honorarius
766 986 797 1052 in
818 986 955 1075 epistolis
975 1003 1006 1052 et
1025 988 1186 1054 allocutio-

85 1077 194 1156 'nihus
222 1115 263 1156 ex
290 1091 391 1156 cilicio
419 1090 477 1156 luit
505 1090 687 1180 ὑπέρημος.
727 1092 878 1159 Videatur
896 1092 981 1156 Ordo
1008 1091 1183 1160 thronorum

109 1193 402 1280 metropolitanorum
433 1197 486 1277 (ad
513 1199 625 1265 calcem
653 1202 762 1266 codini
790 1199 828 1262 de
855 1195 962 1262 officiis
988 1196 1076 1263 aulae
1102 1201 1183 1288 Byr.

110 1301 157 1366 ed.
173 1301 271 1366 Paris.
292 1316 323 1386 ρ.
336 1297 431 1381 406.,
453 1303 502 1368 ed.
518 1309 601 1371 Ven.
625 1303 773 1393 p331l9.)=
797 1304 836 1370 Oi
856 1304 928 1388 ἑξῆς
948 1299 1067 1382 πάντες
1086 1299 1186 1393 ὑπὲρ·

111 1432 217 1493 τιμοι,
238 1403 337 1492 ἤγουν
358 1407 487 1496 ἕξαρχοι
507 1415 562 1478 καὶ
583 1409 757 1500 ὑπέρημοι
776 1463 784 1480 .
801 1459 811 1478 .
830 1408 876 1498 ty‘
894 1411 984 1504 (13)·
1013 1401 1033 1478 ti
1057 1413 1184 1481 Θεσσα-

112 1518 255 1598 λονίκης.
294 1516 403 1602 πάσης
426 1522 619 1600 Θεσσαλίας.
647 1519 736 1608 Ἔχει
762 1525 796 1588 δὲ
821 1519 880 1587 νῦν
910 1516 968 1585 τὸν
995 1515 1098 1586 τόπον
1124 1525 1184 1592 τοῦ

105 1615 270 1712 Ἀγκύρας,
309 1625 407 1708 lluic,
427 1643 459 1692 nt
480 1626 631 1711 vidimus,
658 1616 786 1694 accessit
807 1625 910 1692 titulus
931 1625 1063 1714 ἔξαρχος
1070 1677 1079 1708 ,
1105 1650 1183 1710 quae

107 1737 212 1796 latnen'
236 1751 298 1797 vox
328 1755 386 1795 non
418 1732 514 1798 solum
537 1733 698 1816 honorem,
740 1733 795 1798 sed
821 1755 926 1797 munus
948 1733 1013 1816 ejus
1042 1731 1182 1798 visitatu·

106 1835 184 1901 rium
201 1831 400 1924 'provinciale
427 1833 588 1922 significat.
618 1833 669 1920 7⁹)
711 1836 869 1918 Quomodo
896 1860 970 1902 vere
996 1834 1186 1924 metropolita

106 1927 486 2006 Thessalonicensis‘alios
505 1939 728 2028 metropolitas,
753 1954 843 2026 atque
862 1939 896 2004 hi
915 1939 1013 2027 ipsum
1037 1935 1069 2004 in
1089 1940 1185 2008 literis

106 2045 233 2110 allocuti
253 2045 331 2126 sint,
359 2045 397 2108 de
418 2044 466 2109 his
485 2070 518 2112 v.
539 2044 765 2132 Expositionem
787 2067 896 2110 novam
916 2060 974 2113 etc.
1001 2043 1055 2126 (ad
1075 2045 1188 2113 calcem

106 2150 220 2214 codini
240 2149 279 2213 de
300 2149 383 2212 olh‘c.
403 2149 492 2213 aulae
511 2153 591 2236 Byz.
613 2149 664 2214 ed.
685 2143 783 2213 Paris.
816 2170 849 2235 p.
869 2149 974 2228 tlt.)=
1012 2145 1186 2238 Πανιερῶ.

109 2279 193 2320 rure
222 2255 447 2344 μητροπολίτα
478 2301 516 2322 ..
546 2250 786 2340 delectissimi
815 2254 927 2341 ἕξαρχε
952 2301 988 2321 ..
1024 2257 1187 2344 ἁγιώτατα

109 2359 168 2421 καὶ
196 2350 354 2421 θειότατε
374 2357 537 2436 δέσποτα,
570 2353 718 2438 ἀγαπητὲ
743 2351 864 2445 ἀδελφέ
892 2361 945 2422 καὶ
967 2361 1189 2446 nottenovnyt

106 2459 167 2535 τῆς
189 2450 281 2540 ἡμῶν
308 2453 552 2536 ταπεινότητος.
605 2454 690 2518 Alias
716 2452 931 2538 brevioresque
960 2457 1028 2522 talis
1055 2461 1189 2545 farragi-

109 2561 159 2626 nis
182 2560 328 2626 formulas
348 2583 381 2626 vt
401 2563 481 2647 apud
501 2559 762 2647 Theophyleotunt
783 2557 875 2642 ttntg.
911 2561 1009 2647 (opp.
1031 2563 1081 2628 ed.
1103 2568 1186 2632 Van.
1257 2601 1264 2608 ·

108 2669 148 2730 Τ.
160 2666 194 2731 3.
215 2689 246 2753 p.
261 2666 474 2732 osa-tatto.
513 2665 606 2729 Adde
621 2662 773 2728 Eustachii
788 2663 931 2750 epistolas
946 2669 1094 2754 (Opnscc.
1113 2688 1185 2757 pag,

106 2769 327 2850 308-361.).

147 2895 151 2903 ’
186 2867 358 2940 Historiam*
381 2872 453 2940 cleri
472 2871 753 2938 Thessalonicensis
778 2870 830 2958 qni
853 2874 1031 2960 quandoque
1052 2872 1185 2959 scribet,

106 2977 135 3043 is
165 2997 228 3043 non
256 2999 361 3066 parum
394 2979 560 3045 contribuet
594 2976 632 3040 ad
664 2975 874 3040 illustrandum
908 2978 1003 3066 ipsine
1039 2980 1188 3046 ecclesiae

110 3085 248 3148 Graecae
276 3079 488 3150 conditionem.
528 3079 648 3146 lnitium
669 3078 817 3165 quoddam
837 3081 907 3147 talis
924 3084 1102 3150 narrationis
1119 3083 1191 3150 lecit

106 3186 207 3255 tttictn.
227 3187 413 3274 Lequienius
437 3187 470 3252 in
492 3186 616 3251 Oriente
641 3206 695 3248 suo
709 3184 879 3251 christiano
899 3187 986 3253 ttot.
1007 3190 1050 3253 ll.
1078 3211 1110 3273 p.
1128 3191 1187 3252 l-

105 3295 198 3376 1023
230 3315 289 3376 que
309 3292 485 3357 tractatione
515 3289 569 3370 (de
590 3287 722 3351 dioecesi
743 3289 1022 3371 Thessalonicensi)
1049 3289 1080 3356 in
1101 3306 1189 3356 ante·

107 3393 482 3477 oetentitoensi‘snnns‚
496 3393 611 3458 scilicet
625 3392 797 3474 laudantes,
813 3396 1018 3476 emendantes,
1033 3409 1190 3478 augentes.

110 3504 181 3568 Alia
216 3501 353 3567 dedimus
383 3501 414 3565 ln
442 3499 572 3586 Dissert.
602 3489 712 3561 'histum
743 3521 796 3584 per
824 3499 1008 3564 occasionem
1041 3498 1189 3583 bellorum

108 3606 451 3677 Thessalonicensium,.
481 3598 533 3668 ubi
554 3600 639 3666 varia
661 3602 700 3666 de
718 3601 871 3688 ‚episcopis
891 3602 974 3667 urhis
994 3602 1126 3689 inclytae
1146 3626 1189 3666 ex

108 3712 195 3778 Actis
226 3715 260 3777 S.
283 3710 427 3776 Demetrii
454 3706 619 3774 attulimus.
677 3701 748 3772 Alia
776 3707 960 3792 quandoque
986 3704 1187 3788 tentabimus,

145 3960 190 4024 ts)
216 3958 278 4008 Non
303 3967 404 4007 omnes
425 3921 621 4021 metropolitae
670 3955 705 4008 V.
733 3953 857 4008 ettudem
889 3929 1027 4012 ordinem
1055 3960 1109 4011 etc.
1125 3959 1190 4024 ed.

107 4040 140 4112 (i.
160 4056 188 4097 e.
209 4037 363 4116 ὓπερπιμοι)
390 4036 470 4092 luere
496 4035 622 4093 exarchi.
672 4036 762 4096 Paris.
785 4056 815 4110 p.
833 4041 894 4094 408.
915 4044 974 4094 not.
994 4055 1086 4113 marg.
1170 4109 1174 4114 1
