2834 4772
111 349 179 444 τα]
291 371 545 426 ευιτιεεεευε
569 372 964 430 εειεειιιοειιεενιεε.
1119 353 1194 433 λδλ

105 519 205 606 ὅσον,
225 527 281 594 καὶ
303 520 390 592 κατά
412 524 489 605 τοείς
509 526 544 592 ἐν
563 525 604 620 τῇ
621 521 751 620 άνὺδρφ
774 527 893 596 έσιῖεαι
916 527 1026 616 λυπρά
1048 537 1103 598 καλ
1123 530 1186 598 αὐ-

99 633 145 718 τὴ
164 637 220 702 καὶ
241 634 390 725 διφῶσα,
415 633 472 700 καί
493 658 572 713 που,
600 631 633 702 εἰ
650 635 688 703 τὸ
712 625 816 704 κακὸν
838 628 1019 721 ε’πὶμιῑζον
1040 637 1181 724 άρθείη,

103 747 161 812 καὶ
185 741 318 828 ἔρημος·
349 743 404 807 καὶ
428 737 504 820 τοίις
527 749 562 836 έν
587 741 671 836 αὐτῇ
696 738 819 811 οὐκῶν
842 738 972 827 ὀκνήσει
991 771 1041 822 τες
1060 745 1105 833 μὴ
1127 751 1183 814 καλ

107 845 228 928 αὐτοὺς
255 846 312 916 διά
339 846 377 914 τὸ
402 848 556 916 ἐκλείπειν
582 854 684 937 λέγειν
710 846 962 935 ἀλίβαντας.
1001 847 1091 937 Ἤδη
1113 853 1179 943 πρὸ

102 957 298 1052 ὀφθαλμῶν
314 964 419 1024 κεῖται
437 953 482 1023 τά
500 956 605 1040 δεινά,
627 949 691 1025 καλ
704 953 778 1026 οἵαν
796 955 816 1042 η’
837 958 931 1038 πόλις
948 955 1175 1046 καταράσειάι

102 1067 247 1136 κάκωσιν
273 1064 337 1132 τῶν
361 1064 515 1145 πολιτῶν,
544 1059 618 1134 ὅσοι
643 1074 705 1153 μὲν
731 1053 765 1135 εὗ
792 1065 901 1154 έχουσι
928 1065 966 1134 τὸ
995 1065 1039 1146 είς
1066 1075 1179 1154 σῶμα,

100 1177 165 1246 οὐκ
189 1172 267 1244 ἔσθ’
288 1166 377 1252 ὅπως
399 1167 555 1259 ὑγιαίνειν
579 1181 851 1265 συγχωρουμένων
872 1175 911 1269 τῇ
932 1171 1178 1263 αὐχμηρὸτηιι·

97 1287 170 1353 ,τῶν
194 1287 229 1352 δέ
251 1280 337 1350 κατὰ
364 1276 464 1348 νόσον
490 1279 595 1360 άλλως
619 1286 842 1368 διακειμένων,
873 1281 933 1369 τὴν
955 1289 1179 1378 ψυχαγωγίαν

99 1387 374 1469 ἀπολωλεκότων,
408 1393 465 1460 καί
491 1389 592 1469 οὕτως
618 1385 760 1477 ἐχόντων
786 1387 847 1478 την
874 1385 1000 1478 ὑγίειαν
1029 1393 1176 1461 δυσανά-

99 1505 235 1584 κλητονε
1038 1516 1042 1530 “

181 1669 213 1736 θ.
246 1660 310 1733 Αεά
343 1663 450 1731 ταῦτα
481 1659 678 1753 λκχίομενῆ
710 1665 803 1734 πάσα
831 1659 927 1742 πόλις
952 1661 1012 1743 τάς
1038 1666 1177 1755 καρδίας

95 1771 195 1864 ἡμῶν
219 1769 354 1841 ἐνοίκιον
379 1773 436 1853 τῆς
458 1769 720 1858 βασιλικωτάτης
745 1772 1002 1864 φιλανθρωπίας
1024 1798 1098 1854 σου,
1118 1779 1176 1866 καὶ

98 1885 164 1966 τὴν
179 1887 238 1950 τοῦ
252 1887 320 1948 σοῦ
337 1875 391 1969 ἐφ’
410 1875 498 1966 ἡμᾶς
521 1883 608 1948 ἐλέου
624 1876 720 1967 χύσιν
740 1875 941 1967 αλτοώμεθα,
961 1879 1177 1969 ποτνιώμενοι

97 1993 159 2059 καὶ
178 1982 294 2075 θερμά
313 1992 508 2076 προχέαντες
528 1986 667 2077 δάκρυα.
703 1984 945 2075 Ἔκτεινοντὴν
961 1991 1063 2057 θείαν
1081 1986 1178 2078 χεῖρά

98 2122 176 2180 σου,
207 2100 263 2164 καὶ
286 2087 371 2164 οὕτω
393 2094 542 2178 κελεύσας
562 2095 842 2180 ἀποκατάστησον
867 2093 907 2165 τά
928 2089 1017 2186 ὕδωρ
1036 2103 1086 2166 λπλ
1107 2094 1179 2186 χώ-

96 2228 177 2295 ραν,
199 2199 236 2271 οὐ
259 2202 359 2290 πρὸς
378 2198 554 2290 ἡμέραν,
580 2201 623 2286 ῶς
642 2206 685 2273 τά
703 2207 763 2293 τῆς
784 2205 932 2295 γραφῆς,
953 2202 1029 2273 ἀλλ’
1055 2202 1099 2286 εἷς
1120 2202 1174 2274 αι’-

92 2317 166 2382 ῶνα
190 2311 281 2393 ὅλον,
314 2301 341 2398 ᾧ
365 2316 620 2399 συνεπεκεαθεὶη
644 2319 697 2383 καὶ
720 2311 758 2387 τὸ
780 2309 903 2402 κράτος
925 2315 983 2400 τῆς
1003 2316 1171 2399 βασιλιίοις

95 2446 170 2490 σου.
219 2421 297 2492 Οὐκ
326 2419 445 2489 έστιν
475 2420 577 2509 ὕδωρ
607 2423 660 2507 τῷ
688 2423 774 2507 λαῷ
802 2428 933 2491 πιεῖν·
972 2421 1044 2501 δὸς
1070 2419 1172 2510 ἡμῖν

94 2526 229 2619 ὕδωρ,
261 2525 332 2597 ἵνα
357 2530 531 2615 πίωμεν.
570 2526 657 2596 Ἀλλ’
682 2537 782 2598 έκεῖνο
807 2538 869 2618 μέν
893 2531 980 2616 ἔλεγε
1006 2530 1090 2620 πρὸς
1116 2530 1204 2620 τὸν·

94 2648 160 2709 τοῦ
184 2628 269 2710 θεοῶ
292 2635 489 2728 θεράποντα
516 2632 666 2725 Μωϋσῆν
694 2636 878 2727 γογγυστῂς
905 2637 1001 2723 λαός,
1032 2642 1173 2729 οκληρη.

92 2743 275 2836 τράχηλος,
304 2747 440 2830 καὶτῆς
465 2741 613 2835 βρώσεως
640 2743 686 2812 ἔτι
711 2743 814 2830 οίίσης
834 2747 898 2817 ἔσω
923 2744 1089 2836 στόματος
1111 2749 1173 2817 τοῦ

94 2851 260 2942 εὐεργέτου
286 2853 490 2934 καταλαλῶν.
530 2856 599 2920 Καὶ
623 2848 733 2936 οὕτωςΙ
749 2860 828 2942 έχων
850 2896 891 2910 -
917 2854 990 2927 ἀλλ’
1014 2855 1174 2948 είσηκοείερ

93 2989 148 3032 το.
175 2958 290 3047 Ἡμεῖς
308 2965 360 3042 δέ,
386 2961 466 3040 λαός
487 2957 673 3058 εὐγνώμων,
703 2965 813 3032 δοῦλοι
832 2951 866 3032 εὖ
884 2963 976 3051 μάλα
992 2965 1174 3053 ἠσκημένοι

92 3069 179 3160 πρὸς
202 3076 324 3150 πίστιν,
357 3066 437 3147 λαὸς
469 3068 607 3157 μνήμων
638 3065 842 3158 εὐεργεσιῶν,
883 3072 1091 3161 εὐχάριστος,
1129 3071 1175 3141 εἰ-

12 3177 18 3181 ’
97 3175 162 3256 δώς
192 3176 349 3265 ἀκριβῶς,
378 3178 426 3258 τίς
455 3177 473 3244 ὁ
504 3172 677 3260 δεσπότης,
708 3178 757 3258 τίς
785 3172 804 3244 ὁ
830 3180 952 3260 σώζων,
983 3185 1031 3258 τίς
1058 3175 1077 3249 ὁ
1101 3190 1174 3268 τρέ.

100 3310 191 3380 φων,
220 3288 269 3365 τίς
294 3281 312 3354 ὁ
336 3289 393 3382 ζῇν
421 3287 522 3354 ποιῶν
553 3283 709 3376 ἀσφαλῶς
735 3279 773 3370 (ἢ
798 3281 865 3371 γάρ
892 3280 935 3351 έίν
961 3288 1070 3371 εἴημεν
1095 3283 1175 3356 άλο·

96 3389 234 3482 γώτεροι
255 3396 310 3461 καὶ
331 3395 396 3461 τῶν
420 3390 512 3482 παρά
533 3399 580 3479 τῷ
602 3389 756 3490 προφήιη
774 3387 876 3475 ζώων,
907 3386 930 3461 ῶ
951 3395 1027 3473 τούς
1044 3395 1175 3482 κυρίους

7 3563 14 3570 .
95 3493 164 3570 οἶδε
179 3506 235 3570 καί
251 3501 326 3580 τούς
340 3505 562 3588 κτησαμένους
579 3495 729 3584 αὖτά)-
744 3502 866 3570 δίκαιοι
882 3506 991 3572 τοίνυν
1005 3497 1109 3592 ἡμεῖς,
1125 3503 1172 3589 μὴ

94 3613 286 3691 διεκπεσεῖν,
314 3600 354 3677 οὗ
373 3612 558 3690 ποθοῦντες
578 3605 777 3700 αἰτοέμεθα.

163 3756 196 3825 λ.
213 3752 467 3846 Ἀντιπεξήγαγί
478 3783 556 3828 ποτε
568 3731 853 3846 βριαράςχεῖραςῆ
865 3753 1008 3843 κραταιώ
1016 3752 1169 3838 βασιλεία

92 3887 158 3935 σου
178 3866 225 3952 τῷ
246 3871 443 3953 παλαμναίῳ
466 3868 572 3959 ἐκείνῳ
593 3870 728 3957 σεισμῷ,
750 3869 803 3931 καὶ
824 3858 888 3931 ὅσα
912 3860 1166 3954 καταπαλαίσας

89 3977 206 4062 βαλεῖν
216 3969 261 4055 εἰς
269 3969 443 4065 γηνμώεὸς
452 3975 696 4069 ἐφιλονείκησεν,
707 3967 788 4061 αὐτη
804 3974 982 4067 φιλοτίμως
993 3962 1162 4055 άνίστησε,
