2878 4774
101 353 167 456 .u.]
293 342 493 452 „annuisse
520 355 988 430 uanusssoonususmun·
1119 349 1178 423 :hl

99 529 214 615 ,secam
231 547 300 592 esso
320 536 449 591 constat.
500 524 571 590 Fuit
590 527 690 612 Papae
711 523 838 593 Romani
864 519 898 587 iu
921 520 1013 592 athas
1033 519 1179 594 ecclesie·

107 657 169 701 tutu
190 617 347 710 orientalis
369 627 483 716 lllyrici
501 629 633 716 lagatos,
654 630 738 714 cujus
756 626 887 694 muneris
908 626 1055 712 quaedam
1074 649 1180 695 exe*

97 739 157 826 ‚pla
178 761 210 804 v.
232 735 312 822 apud
334 733 431 799 Mioh.
447 737 544 818 Lequ.
558 737 588 831 l.
608 758 636 800 c.
657 757 688 820 p.
702 735 734 798 7.
751 733 819 817 sqq.¹
870 735 918 796 De
937 753 971 796 re
989 730 1058 816 ipsa
1077 755 1108 798 v.
1124 736 1179 798 ln-

101 843 278 928 nonommnn
293 841 393 922 l.·,c.,
418 839 470 906 uhi
490 839 591 926 agitur
610 841 648 904 da
667 835 813 923 dignitate
833 834 955 920 antiqua
974 836 1179 923 metnopolittte

97 945 398 1027 Thessalonicensis,
426 959 458 1010 ut
483 943 579 1030 legati
604 941 763 1032 pontificii.
803 940 912 1004 Omisit
937 940 1104 1006 Innocentii
1129 941 1177 1008 la.-

98 1073 186 1132 lcum,
209 1049 341 1131 utalia,
363 1049 499 1114 Michael
517 1054 616 1134 Leon.
638 1050 660 1114 Ι.
681 1071 709 1114 o.
750 1046 843 1112 Adde
863 1045 1018 1109 Theodosi
1037 1044 1176 1113 Balsa·

102 1156 223 1222 monis
245 1156 362 1222 scholis
381 1155 421 1220 ad
442 1157 590 1244 synodum
612 1151 758 1217 chalced.
780 1173 848 1216 con.
866 1148 920 1214 28.
944 1151 1096 1228 (Ganooes
1115 1153 1175 1220 SS.

88 1261 314 1351 Apostolorum
335 1275 390 1326 otc.
419 1259 517 1326 Panis.
541 1259 633 1324 1620.
654 1280 685 1343 p.
704 1259 765 1323 351
784 1257 869 1341 sq.)=
897 1257 960 1322 Τὸν
981 1261 1015 1323 δὲ
1036 1257 1177 1326 adanon

101 1369 214 1444 κακῶς
228 1372 358 1450 λέγουσι’
380 1393 464 1446 τινες
481 1371 679 1455 χειροτονεῖν
697 1372 777 1432 nord
798 1361 856 1429 udo
871 1365 1108 1448 Θεσσαλονίκης
1123 1375 1179 1437 aas

95 1479 243 1602 dsipooa
245 1473 395 1552 δοτικοὺς
413 1475 450 1553 (i.
463 1498 492 1540 e.
510 1475 660 1556 Graecos)
679 1473 934 1562 μητροπολίτας
961 1471 1178 1558 Λιγάτοος

101 1580 183 1670 γὰρ
206 1571 289 1669 εἶχε
310 1581 539 1660 τούτους

180 1691 301 1759 pinon
321 1713 441 1777 quoque
456 1687 671 1774 patriarchani
690 1687 814 1774 antiquo
831 1703 965 1782 tempore
981 1688 1182 1757 Thessaloni-

98 1815 222 1882 censem
243 1795 422 1876 antistitem,
453 1808 522 1858 aunt
541 1817 593 1880 qus
584 1793 836 1860 contendant.
856 1799 923 1880 Ego
944 1795 1034 1879 hujus
1055 1795 1100 1860 rei
1121 1820 1181 1862 non

94 1902 186 1968 aliod
204 1900 417 1967 testimonium
425 1897 549 1980 inveni,
578 1919 665 1984 quatn
687 1901 761 1979 hoo,
784 1900 865 1983 quod
884 1915 1018 1985 apertam
1039 1919 1112 1964 suas
1129 1899 1180 1966 in·

92 2006 255 2078 firmitau’s
265 2005 410 2094 speciem
439 2026 512 2090 pose
536 2025 572 2067 se
601 2003 671 2068 lect.
721 2003 955 2122 Theophanes
944 2027 975 2068 m
997 2005 1182 2090 chromgra·
1210 2021 1224 2048 ³

96 2111 177 2197 phia
194 2113 235 2176 ad
249 2128 361 2175 sonum
372 2109 457 2189 508„
471 2108 529 2172 suh
542 2105 727 2172 Anasmaii'
716 2107 843 2192 imperio
856 2107 923 2186 (ed.
936 2105 1085 2194 -t’orisp
1095 2111 1182 2193 3991,

94 2215 153 2279 ed.
172 2217 255 2279 Vena·
276 2233 309 2298 p.
330 2213 438 2292 31⁷..)‘2
458 2211 532 2279 Τὸν
555 2201 792 2293 Θεσσὶιλονίκης
814 2213 1182 2302 ἐπίσιοσσιθεόδωρός

90 2314 727 2405 σ’στοριλὸςσιασριάρχην.ὀνομάζει
746 2315 889 2403 ἀλόγως,
918 2319 962 2408 μὴ
992 2319 1100 2402 alode,
1125 2326 1182 2392 διὰ

97 2427 144 2494 τί.
186 2429 256 2490 Hoc
274 2425 376 2490 tameo
391 2446 433 2488 ex
446 2421 642 2509 Theophanis
653 2425 721 2490 leco
735 2441 869 2511 apertum
884 2442 941 2510 est,
969 2415 1181 2516 magnam'hel

94 2547 182 2614 tum,
208 2542 243 2596 ut
264 2533 372 2611 antea,
401 2527 607 2607 auctoritatem
638 2549 676 2592 ac
700 2527 877 2614 dignitatem
898 2531 1181 2600 Thessalonicensis

95 2634 238 2724 episcopi
256 2631 367 2712 laisan
398 2632 480 2716 quod
506 2653 547 2696 ex
574 2632 634 2696 alia
660 2652 779 2717 quoque
804 2635 991 2719 antiquitatis
1012 2639 1182 2705 narratione

93 2737 310 2824 consequitur,
337 2759 382 2803 sc.
410 2761 429 2802 e
453 2735 596 2801 chronici
622 2736 775 2823 paschalis
805 2735 934 2824 quodam
966 2741 1033 2806 loco
1068 2747 1131 2821 (T.
1151 2747 1180 2810 1.

92 2866 127 2930 p.
143 2843 223 2908 63⁰.
241 2842 291 2907 ed.
307 2845 434 2919 Boon).
461 2839 609 2906 Nimirum
628 2863 707 2908 auno
728 2842 800 2908 cnr.
824 2843 896 2910 533.
917 2845 1104 2912 lastinianus
1122 2848 1183 2913 im·

96 2961 224 3034 perator
256 2945 456 3011 sanctionem
472 2944 619 3010 adversus
648 2946 787 3010 haeresin
815 2949 948 3014 Nestorii
974 2952 1182 3041 Eutychisque

97 3052 184 3118 misit
206 3055 351 3131 Romam,
371 3049 594 3135 Hierosolyma,
607 3049 803 3115 ¹Antiochiam
822 3052 942 3140 Sytiae,
962 3057 1181 3122 Alexandriam

94 3154 260 3244 Aegypti,
279 3153 312 3218 in
327 3155 520 3242 lllyciconum
539 3151 638 3238 gantis
659 3153 763 3218 urbem
783 3155 1032 3226 Thessalonicam
1061 3166 1129 3235 (καὶ
1147 3167 1182 3229 ἐν

98 3263 326 3352 Θεσσαλονίκῃ
361 3262 401 3352 τῇ
431 3261 522 3326 πόλει
550 3262 610 3326 τοῦ
633 3255 797 3346 Ἰλλυριῶν
828 3267 986 3349 ἔθνους),
1028 3268 1181 3355 Ephesum
1280 3266 1285 3278 '

95 3367 211 3435 Asiae.
259 3365 345 3431 ldem
360 3365 532 3458 imperatos
558 3367 726 3452 praesulem
747 3369 1047 3435 Thessalonicensem
1073 3371 1197 3438 orclui'-¹

96 3477 279 3561 episcopum
298 3470 372 3536 dicit
391 3470 521 3536 Novelli
536 3473 596 3534 Xl.
637 3471 727 3536 Alius
745 3471 844 3539 honor
863 3477 966 3540 seculo
985 3475 1182 3540 antecedente

98 3581 203 3645 eidem
221 3575 366 3640 ecclesiae
384 3573 631 3662 metropolitanae
651 3577 888 3644 aTheodosio
871 3579 993 3664 Joniore
1012 3579 1085 3665 imp.
1108 3601 1181 3670 con:

93 3705 208 3750 cessus
232 3679 374 3764 lueret,
383 3703 427 3749 ss.
456 3679 626 3747 immunitas
654 3703 672 3746 a
697 3680 832 3765 tributis,
864 3681 935 3748 coll.
957 3684 1120 3769 Spanhem.
1140 3685 1180 3791 ds

96 3809 159 3854 usu
176 3802 214 3852 et
231 3799 343 3872 praest.
365 3805 447 3850 nam.
466 3786 542 3852 Vol.
560 3787 586 3852 l.
607 3807 639 3874 p.
629 3786 725 3852 65,2,

183 3889 465 3958 Thessalonicensis
484 3885 672 3988 episcopatus
692 3893 833 3958 ditionem
851 3892 1093 3977 aliquantulum
1081 3893 1180 3961 smmi·

96 3998 175 4064 nuit.
187 3996 406 4074 lastinianus
394 4009 487 4084 sapi,
508 3995 560 4082 qni
579 3993 618 4062 ab
632 3999 779 4088 ulgapeto
800 4011 832 4066 et
851 3995 988 4084 vigilio,
1008 3995 1102 4088 Papis'
1114 4001 1180 4068 tu-
1240 4003 1242 4010 '
