2834 4772
83 351 151 444 m]
285 370 539 425 ευετετειιυε
564 375 962 428 τιετεεειοαιειεαειτ.
1087 357 1164 434 421

77 525 378 611 Ἀντισταθμοῖμαι
394 527 506 594 τοίνυν
521 533 570 614 τῷ·
586 531 679 614 καλῷ
695 529 877 615 ἒκείνηννιαί
890 532 1053 621 βανελαιῷ·
1067 529 1164 608 ὕδατι

80 635 184 706 καλὸν
198 642 309 722 ἕτερον
326 626 459 719 ὅμοιον,
480 641 535 704 καί
553 636 659 725 τούτῳ
678 633 949 728 δεξιώσομαιτην
959 647 1163 731 πανήγυριν.

82 747 124 814 Oi
138 749 174 812 δὲ
189 743 361 829 ἀκροαταί,
381 737 468 812 οίίτω
479 739 611 832 μεγάλῳ
626 743 805 834 καλεσάτω
816 745 1040 838 περιτυχόντες
1054 749 1163 840 πράγ.

80 880 181 940 ματι,
204 855 259 920 καί
277 855 433 939 κερδαλέα
450 851 765 947 συμφρονήσαντες,
776 861 830 923 ναί
845 859 1029 944 μαθόντες,
1051 856 1095 940 ὡς
1112 866 1162 930 δι-

77 957 296 1042 πλασιάζεται
321 959 434 1040 αὐτοῖς
456 960 494 1030 τό
519 961 643 1044 καλὸν,
662 959 884 1051 άναμενοῦσιν
904 972 998 1048 τίως’
1029 970 1099 1038 εἶτα
1119 961 1158 1061 δὴ

77 1078 136 1142 καί
157 1078 217 1138 τοῦ
234 1072 350 1138 λοιποῦ
369 1075 526 1156 γένωνται
546 1066 695 1157 ἀγαθοῦ.
778 1115 784 1137 ι
1086 1063 1088 1066 ’

158 1180 212 1246 21.
245 1178 488 1274 Προβοίλλομαι
504 1181 615 1249 τοίνυν
632 1172 722 1268 όμῖν,
752 1171 778 1250 ἀι
797 1183 955 1272 πάροντες
974 1181 1161 1265 ἀκούοντες,

74 1296 185 1377 μῦρον
207 1286 378 1373 βασιλικόν
404 1292 531 1375 τίμιον,
564 1296 619 1358 καὶ
642 1291 737 1374 ἀξιῶ,
767 1290 887 1362 τούτου
909 1293 1159 1381 μετεσχηκότας,
1180 1330 1183 1334 ·

75 1389 150 1466 εἶτα
175 1394 215 1484 δὴ
243 1401 299 1462 καί
325 1399 385 1464 τοῦ
409 1393 575 1485 Ἰορδάνου
602 1399 813 1486 γενησεσθαι.
855 1399 940 1488 Ἱερά
970 1410 1024 1470 καὶ
1053 1401 1159 1494 ἀμφω

77 1509 202 1588 ταῦτα,
237 1507 361 1575 πολλοῦ
385 1503 567 1593 τιμώμενα,
595 1506 640 1588 είς
666 1506 833 1596 ἁγιασμόν
856 1515 1090 1593 συντελοῦντα,
1120 1505 1158 1580 τό

73 1621 139 1683 τοῦ
154 1610 321 1700 Ἰορδάνου
339 1640 374 1682 τε
395 1615 542 1704 ῥεῖθρον,
564 1623 618 1684 καί
641 1619 679 1687 τό
699 1621 806 1706 μῦρον
824 1621 882 1707 τῆς
902 1623 960 1688 νῦν
979 1609 1162 1703 1δεξιιόσεως.

75 1723 161 1792 Οὐδὲ
186 1717 403 1790 ἀποκλόσεται
429 1723 467 1791 τδ
492 1724 639 1815 δεύτερον
661 1735 709 1820 τῷ
729 1732 892 1816 προτέρῳ,
926 1721 978 1796 ότι
997 1732 1080 1815 μηδὲ
1099 1733 1160 1816 τῆς

73 1833 232 1917 ἐπιπολῆς
260 1829 362 1917 μόνης
388 1837 525 1918 γίνεται,
556 1833 640 1902 ἀλλά
667 1842 723 1903 καί
749 1845 792 1914 είς
811 1833 921 1923 πτωχὴν
942 1833 1160 1922 παραδύεται.

75 1943 173 2012 Λοκῶ
193 1939 229 2008 δὲ
246 1965 304 2024 μοι
326 1945 382 2008 καί
401 1940 489 2010 πάνυ
505 1969 538 2010 τι
557 1940 786 2032 προσηκόντως
804 1944 887 2031 ἔχειν
904 1942 1008 2032 μόρου
1025 1949 1080 2012 καί
1097 1940 1161 2010 αὐ*

71 2052 132 2130 τός
153 2048 330 2132 δεξιώσεσι,
359 2056 414 2118 καί
436 2047 494 2144 ἀφ’
518 2054 627 2131 ἑστίας
646 2051 728 2120 εἶναι’
745 2080 804 2140 μοι
831 2055 870 2127 τό
886 2056 1003 2137 καλὸν,
1026 2046 1076 2121 ὅτε
1098 2077 1158 2137 μοι

72 2168 131 2233 καί
154 2159 218 2249 πρό
239 2163 353 2249 χειρῶν
374 2158 437 2248 ἤδη
458 2160 495 2228 τό
513 2168 598 2248 μέγα
622 2164 681 2228 τοῦ
699 2160 803 2250 μύρον
824 2159 1047 2250 ἀλάβαστρον.
1087 2161 1158 2225 Καὶ

71 2264 110 2342 τό
128 2297 165 2357 γε
185 2264 280 2356 ἡμῖν,
311 2267 509 2359 σοφώτατον
530 2265 765 2357 ἀκροατήριον,
796 2267 849 2338 ότι
869 2271 928 2340 τόν
947 2267 1158 2357 μυροβλείτην

70 2374 314 2461 ἓνενοήσασθε,
346 2373 385 2446 δν
408 2375 490 2456 θεὸς
505 2385 583 2455 ’τοῖς
606 2387 738 2461 πένησιν
761 2386 804 2457 είς
827 2374 936 2468 ὀσμὴν
956 2378 1158 2464 καταρτίσας

70 2490 210 2566 εὐωδίας
237 2483 494 2578 ἓδαεγιλειίσίκτο·
521 2481 567 2552 τό
594 2493 677 2554 πᾶσι
702 2485 864 2558 ποθεινόν
891 2492 948 2555 καί
973 2480 1086 2567 (καθά
1107 2506 1157 2558 τις

71 2598 159 2691 ἔφη)
175 2597 389 2688 παμφίλητον
407 2592 531 2681 ὄνομα,
546 2587 565 2662 ίί
583 2599 639 2662 καί
657 2591 758 2673 αὐτὸς
773 2591 1043 2683 ὑπερβαλλόντως
1062 2589 1157 2682 φιλοῖ,

69 2703 289 2793 σεβαζόμενος
306 2712 367 2792 μὲν
384 2703 447 2782 τάς
460 2715 569 2791 χεῖρας
588 2701 712 2782 ταύτας
729 2707 863 2786 νικητεῦ
876 2707 1046 2790 βασιλέως,
1067 2691 1156 2787 ᾧπερ

67 2816 125 2910 ἐφ’
145 2813 273 2884 άπασιν
299 2811 446 2898 ἀγαθοῖς
466 2811 589 2899 κόσμος
611 2813 716 2891 ἅπας,
743 2811 866 2881 ταυτὸν
886 2819 926 2882 δί’
942 2819 1055 2890 εἰπεῖν,
1075 2806 1157 2884 λαός

66 2929 160 3008 νίκης
177 2924 272 3008 ἔργον
287 2925 425 3010 γίνεται·
456 2919 671 3008 σεβαζόμενος
690 2925 796 2990 δὲκαὶ
815 2919 873 2990 τόν
887 2920 1013 3008 ταμίαν
1025 2918 1155 3004 τῆς-,νίν

66 3066 129 3122 κης
146 3035 269 3120 ταύτης
284 3038 330 3128 τῷ
343 3038 486 3122 βασιλεῖ,
506 3036 560 3098 καί
581 3029 705 3113 ταύτην
724 3033 759 3096 ἐν
775 3033 881 3115 έαντρλ
897 3027 979 3118 πρός
995 3031 1029 3096 ’τε
1046 3025 1154 3112 όνομα
1264 3061 1266 3068 ·

67 3154 239 3241 φέροντα,
268 3150 323 3211 καί
349 3147 512 3226 διανέμειν
533 3146 576 3218 είς
599 3142 738 3227 πρᾶγμα
761 3135 960 3223 δυνάμενον,
991 3131 1009 3200 ὃ
1032 3131 1153 3212 καλεῖς
1264 3155 1268 3172 ’

64 3258 148 3326 νοῦν
167 3250 279 3338 λαβών
299 3277 349 3330 τις
368 3247 538 3336 ἡγίασται,
559 3253 614 3314 καί
632 3243 694 3314 διά
706 3242 871 3332 στόματος
888 3239 1039 3330 ἐνεγκὼν,
1055 3247 1151 3328 μλλε-

64 3393 125 3444 τος
149 3367 347 3445 πίπληαται,
379 3364 434 3424 καί
458 3355 563 3443 μόνον
586 3359 645 3444 μὲν
669 3353 861 3448 ἐκφωνήσας
883 3359 976 3436 νίκην
1002 3347 1149 3439 μεγάλην

64 3471 277 3559 προήνεγκεν.
313 3465 447 3535 Ἕνίκων
468 3473 527 3551 μέν
549 3490 648 3544 τινες,
677 3471 731 3532 καί
755 3460 1151 3550 ἡγηνίστρατοιάναφω-

62 3585 235 3664 νηθὲντες,
257 3575 275 3648 ό
296 3583 355 3666 μὲν
374 3573 489 3654 οἰωνός
509 3579 611 3656 ἐτέθη
630 3573 719 3654 νίκης
737 3567 897 3659 μεγάλης,
918 3567 935 3639 ό
956 3574 991 3636 δὲ
1009 3564 1150 3654 ἀγαθὴν

62 3688 229 3773 ἐσήμανεν
258 3682 437 3774 ἡγεμονίαν
465 3683 620 3773 στρατοῦ.
659 3677 701 3748 ‘0
726 3685 759 3750 δὲ
787 3689 889 3768 μέγας
911 3675 1078 3754 Νικόλαος
1105 3671 1149 3750 είς

61 3792 257 3884 ἀσύμβολον
275 3792 382 3876 ίίνομα
402 3789 644 3875 λαληθήσεται,
667 3789 725 3857 οὐκ
745 3787 788 3856 ἀν
806 3793 891 3858 εἴποι
911 3815 971 3866 τις.

67 3932 72 3955 ¹
146 3905 201 3972 22.
225 3903 290 3980 Δός
311 3900 350 3984 δή
370 3925 442 3988 μοι,
464 3900 618 3970 θειότατε
637 3898 790 3992 βασιλεῦ,
812 3889 851 3966 οὗ
871 3891 990 3988 φιάλαι
1012 3885 1149 3978 ἀρωμά-

62 4025 151 4086 των,“
176 4010 214 4083 αἱ
232 4003 394 4090 ,σιαγόνες
420 4001 544 4086 δηλαδὴ
565 4011 630 4071 τῶν
651 4001 710 4070 τοῦ
730 3996 931 4086 πνεύματος,
961 3994 1079 4085 μόρους
1098 3997 1149 4062 δε·
