2824 4770
430 417 743 488 rionnconrnus.
1050 439 1136 490 xrx

58 601 125 676 post
148 587 355 677 Philippopoli
386 611 452 654 cunr
479 585 627 654 Friderici
648 591 675 654 1.
704 586 799 652 Sueri
831 583 967 663 exercitu
995 587 1127 653 cruciato

56 719 110 759 ron
130 693 286 759 honestius
304 693 503 779 ennepirasee,
523 692 610 758 testis
630 706 677 757 ost
695 691 824 758 Nicetes·
837 691 868 756 in
889 692 1005 757 laaacio
1022 694 1129 774 Ange·

55 799 82 862 lo
99 801 147 879 ll,
169 799 203 864 3.
242 798 452 864 Armeniorum
474 796 789 862 Thessalonicensiunr
810 796 948 882 proximo
967 798 1129 862 revolute

56 903 188 987 equidem
210 905 327 988 ignoro.
368 908 512 986 Magnam
529 925 604 967 voro
617 902 748 966 omniu'm
765 900 808 964 ibi
822 923 919 965 rerum
935 902 1129 966 mutationem

56 1010 252 1092 poetlmodum
273 1009 381 1073 lectam
402 1030 483 1088 esse,
502 1005 575 1071 inde
589 1007 660 1090 juro
680 1005 845 1089 meritoque
866 1003 1026 1090 conjicies,
1048 1007 1128 1092 quod
1141 1015 1181 1080 13

55 1111 83 1174 iu
109 1113 184 1177 actis
211 1112 330 1178 concilii
350 1112 558 1178 Armeniorum
578 1111 711 1176 Sisensis
738 1109 855 1182 (Manui
882 1111 989 1176 concil.
1016 1115 1055 1176 Τ.
1076 1115 1129 1178 ²5.

55 1239 84 1300 p.
104 1217 215 1300 llll),
241 1240 319 1282 anno
341 1219 422 1280 1370
442 1215 557 1296 hahiti,
587 1213 902 1282 Thessalonicensiunr
922 1216 1131 1281 Armeniorum

56 1321 182 1407 episcopi
203 1345 310 1387 nomen
329 1319 452 1404 legitur,
472 1320 605 1387 Jesaiae.

130 1507 190 1570 His
225 1503 418 1591 praemonitis
451 1501 627 1586 historiam,
666 1501 757 1570 immo
787 1503 956 1590 fragmenta
983 1503 1129 1570 historiar

56 1611 332 1677 Thessalonicensis
361 1609 524 1686 trademus.

463 1909 583 1988 cnr.
632 1909 703 1986 111.
818 1875 821 1883 ’

124 2127 308 2183 Hisponis
342 2129 650 2186 Tflcssncotttcan
687 2131 805 2204 USQUE
840 2130 894 2186 An
930 2048 1100 2189 BELLAM

508 2223 676 2280 sufficit.

59 2427 64 2442 ’
134 2449 286 2514 Thermae
306 2446 450 2534 pristinae
469 2471 496 2512 s.
511 2444 748 2513 Thessalonicae
767 2469 817 2512 res
832 2447 943 2534 primos
961 2451 1055 2516 tradit
1067 2455 1132 2518 He·

57 2555 176 2620 rodotus
197 2553 277 2618 libro
296 2556 370 2635 Vll,
390 2553 448 2618 121
460 2576 529 2638 sqq.
548 2553 632 2634 188,
653 2550 684 2616 in
705 2554 871 2618 enarranda
892 2555 1007 2618 Xerxis
1027 2574 1131 2624 contra

58 2661 183 2724 Graecos
211 2656 423 2743 expeditione;
453 2659 505 2743 qui
531 2671 646 2722 aestate
671 2657 741 2722 anni
771 2673 840 2721 ante
865 2660 939 2724 chr.
960 2659 1033 2725 480.
1062 2685 1128 2725 oum
1185 2687 1187 2694 ·

59 2763 187 2828 exercitu
219 2783 273 2827 suo
298 2761 329 2826 in
350 2760 431 2826 istas
459 2762 599 2848 regiones
628 2761 762 2842 delatus,
794 2763 925 2828 Therma
952 2780 983 2829 ut
1010 2765 1129 2830 stativis
1274 2768 1283 2778 “

59 2883 148 2950 utens,
168 2865 352 2952 aliquamdiu
370 2864 415 2931 iti
435 2882 632 2932 commoratus
651 2879 709 2932 est.
750 2865 793 2930 lis
809 2865 884 2950 ipsis
901 2867 1007 2933 diebus
1022 2869 1127 2956 copiae
1176 2851 1182 2860 .

58 2975 206 3037 Persarum
222 2971 377 3057 pedestres
391 2969 520 3055 amplam
539 2970 693 3056 planitiem
709 2969 787 3036 inter
803 2972 965 3036 Thermum
985 2973 1128 3037 fluvium-

59 3097 110 3159 que
119 3077 230 3142 Axium
243 3091 272 3140 et
282 3073 411 3141 Ludiam
423 3097 489 3140 cum
500 3075 713 3156 Haliacmone3
734 3099 838 3154 naves,
853 3061 1042 3140 Chalcidicas
1055 3099 1127 3163 pro·

59 3181 195 3247 montorio
211 3181 313 3266 legere
328 3179 483 3264 sinumque
494 3179 705 3245 Thermaicum
724 3178 843 3265 ingredi
855 3180 967 3264 jussae,
990 3194 1022 3243 ut
1035 3203 1127 3245 exer-

60 3283 140 3350 citum
159 3285 381 3366 comitarentur,
402 3281 473 3348 Axii
488 3283 621 3350 dominis
640 3284 717 3350 ostia
737 3301 767 3351 et
787 3309 868 3350 mare
887 3281 956 3350 urhi
976 3285 1127 3349 Thermae

60 3389 235 3475 reliquisque
254 3387 566 3476 urbibus'proximum
586 3389 753 3455 tenebant?
780 3389 851 3455 Tali
870 3387 1000 3477 hospitio
1021 3403 1053 3453 ut
1069 3411 1127 3476 par

60 3509 131 3556 esset
141 3496 288 3576 Therma,
305 3493 370 3578 jam
387 3507 448 3558 tum
463 3515 522 3558 non
537 3491 659 3559 infimae
677 3495 767 3562 sortis
779 3495 920 3582 oppidum
935 3493 1003 3560 sive
1018 3492 1126 3582 κωμὸ-

40 3602 143 3676 ,πολις
163 3621 231 3663 esse
251 3595 398 3679 debehat3
419 3595 452 3662 id
471 3595 551 3681 quod
570 3598 718 3664 Herodoti
737 3623 855 3686 quoque
872 3593 1007 3666 narratio
1015 3601 1123 3668 innuit.

61 3702 157 3768 Omnis
175 3719 274 3769 autem
293 3701 349 3766 ille
369 3705 507 3789 Europae
527 3715 651 3784 tractus,
671 3691 871 3791 Hellesponto
884 3703 1124 3790 Thessaliaeque

60 3803 239 3889 interiacens,
260 3805 361 3876 Persis
374 3806 438 3891 jau
459 3820 529 3872 ente
543 3806 661 3880 Xerxis
680 3810 843 3882 adrentum
857 3807 1124 3896 puetaqttega-

61 3907 120 3976 buzi
139 3915 264 3998 primunr
284 3917 370 3992 (ante
386 3911 460 3976 (ihr.
480 3933 512 3976 e.
526 3911 588 3977 ott
605 3918 711 3997 sqq),
729 3912 839 3978 deinde
860 3911 1012 3978 Mandonii
1031 3913 1123 3982 aruir

63 4020 103 4092 (a.
114 4017 185 4100 tce)
201 4018 344 4084 subactus
354 4016 519 4098 (Herodot.
533 4019 565 4099 7,
577 4019 661 4101 108„
680 4019 750 4087 ,opp
767 4017 938 4184 ww
945 4017 978 4099 ᾗ,
994 4018 1122 4099 1—32
1160 4035 1162 4040 ,
1289 3967 1301 3976 .
