2824 4770
446 345 757 418 uacunoomnua·
965 417 969 422 Δ
1066 357 1136 410 xm

69 489 161 559 codro
189 495 339 576 complet
354 493 483 562 ,στενοῦ
511 501 570 577 τῆς
594 499 824 584 Προποντίδος
838 494 1090 590 mammem.
1106 512 1139 576 ol
1211 531 1215 536 ·

70 595 234 688 βάρβαρον
257 601 382 682 (Gothi)
388 640 405 682 ,·
428 599 491 684 τὴν
509 605 545 669 δὲ
565 606 619 670 ἐπὶ
638 603 777 686 Κνζινὸν
796 605 922 678 ἔπλεον.
954 605 1138 702 ’Ἀπραεετόε
1284 688 1287 698 ,

69 707 98 772 dd
131 705 347 784 dissuendam
384 712 440 776 ναί
475 708 761 798 παραπλεύσαντες
776 757 781 772 ·
796 711 856 783 τὸν
881 710 1138 805 Ἑλλήσποντον,
1216 735 1219 747 ¹

68 808 140 902 ίίγρν
160 841 196 882 τε
217 817 276 882 τοῦ
288 811 385 886 ΙἌθω
406 823 674 906 παρενεχθέντες,
694 820 823 888 edusius
844 823 910 888 τῶν
929 829 1049 894 πλοίων
1067 831 1137 898 ε’πιι

67 925 196 1004 μέλειαν
214 922 439 1011 ποιησάμενοι,
459 923 717 1016 Κασσάνδρειαν
735 927 791 995 καὶ
805 911 1047 1018 Θεσσαλονίκην
1063 933 1138 1008 trao-¹
1183 988 1186 996 -

67 1025 231 1115 lodpaoum·
275 1032 444 1118 Μηχανὰς
473 1036 507 1100 dd
535 1043 603 1112 τοῖς
628 1043 742 1124 τείχεσι
768 1041 1052 1127 προσαγαγόντες,
1082 1053 1138 1116 καὶ

67 1135 153 1224 παρὰ
176 1133 285 1224 βραχὺ
303 1142 366 1208 scal
384 1141 510 1220 ταύτας
530 1144 610 1210 ἑλεῖν
629 1142 799 1229 ἐλθόντες,
834 1145 944 1228 ἐπειδὴ
965 1148 1023 1234 τὸν
1041 1157 1138 1239 βασι-

68 1247 122 1310 λέα
148 1244 329 1335 προσάγειν
359 1249 539 1332 ἐπύθοντο,
580 1249 624 1329 είς
649 1248 711 1338 τήν
735 1248 911 1338 μεσόγειαν
936 1253 1136 1346 ἀναβάντες,

68 1352 108 1418 τὰ
132 1361 205 1441 περὶ
227 1359 377 1454 Δοβῆρον
401 1363 456 1425 καὶ
477 1362 687 1446 Πελαγονίαν
709 1363 872 1442 ἐλογίζοντο
894 1364 1005 1433 πάντα
1023 1377 1138 1456 χωρία.

66 1462 231 1546 imperator
251 1464 394 1529 hocloco
413 1481 592 1532 memoratus
612 1481 658 1532 est
679 1469 825 1533 Claudius
843 1473 897 1552 ll.,
919 1474 981 1557 qui,
1010 1490 1043 1540 ut
1058 1480 1138 1542 Orc-

69 1564 106 1628 eii
124 1566 199 1634 hist.
222 1571 259 1650 7,
277 1571 329 1635 23.
355 1569 459 1635 verbis
480 1585 564 1653 utar,
585 1595 644 1636 nou
665 1570 817 1637 biennium
836 1574 866 1640 in
886 1575 1139 1670 imperiouexple-
1256 1595 1258 1602 ’

68 1668 112 1734 vit
127 1671 173 1752 (9.
189 1674 258 1738 (lal.
275 1681 346 1760 Apr.
364 1674 566 1757 uo8-270).
595 1679 627 1741 le
647 1699 720 1741 vero
741 1678 869 1762 Gothos,
887 1681 951 1765 jam
971 1703 1026 1769 per
1044 1705 1139 1750 anuos

70 1775 136 1841 XV
155 1778 314 1866 Illyricum
333 1779 603 1866 Macedoniamque
623 1793 777 1846 vastantes
798 1786 909 1864 (Oros.
932 1789 956 1850 l.
974 1792 1037 1868 σ.),
1059 1789 1139 1855 bello

68 1881 215 1963 tadortus,
235 1883 406 1950 incredibili
420 1899 520 1979 strage
535 1884 658 1964 delevit,
674 1884 745 1948 coll.
757 1888 866 1951 Orosio
881 1904 912 1954 et
923 1892 1046 1956 Zosimo
1062 1893 1081 1956 l.
1095 1915 1139 1975 c.;

69 1984 119 2068 qui
143 1989 292 2072 posterior
318 1987 445 2086 scriptor
469 1989 684 2073 quinquaginta
709 1989 804 2054 millia
831 1991 1027 2059 barbarorum
1052 1994 1083 2061 in
1104 2020 1140 2062 eo

67 2091 186 2175 proelio
207 2106 429 2158 caesanamat.
459 2093 550 2156 Adde
570 2097 719 2158 Zonaram
739 2095 840 2164 annal.
854 2097 904 2182 12,
917 2099 968 2163 26.
999 2101 1140 2165 Ceterum

68 2196 177 2260 classis
198 2218 300 2260 eorum
318 2196 474 2278 (Zosimus
492 2195 516 2259 l.
533 2218 561 2261 o.
581 2195 654 2260 dicit
672 2211 782 2282 μοῖρα,
800 2225 879 2284 pars
897 2209 1018 2281 σοννινε)
1041 2203 1141 2267 Thes·
1204 2195 1205 2203 ί

66 2299 177 2364 saliam
198 2311 228 2362 et
250 2297 404 2362 Graeciam
424 2311 646 2383 praetervecta,
667 2315 821 2388 terrasque
842 2319 960 2389 apertas
980 2306 1140 2391 populata,

68 2404 205 2468 Athenas
229 2403 304 2490 cepit
320 2407 450 2486 (Zonar.
470 2401 493 2466 l.
512 2423 539 2467 c.
561 2403 611 2482 12,
630 2405 712 2484 26.).
754 2410 783 2471 A
803 2406 1037 2474 Thessalonicae
1058 2411 1141 2476 obsi·

69 2506 159 2573 dione
179 2510 316 2592 repulsos
337 2505 409 2569 dicit
428 2509 565 2570 Zonaras
585 2509 608 2574 l.
626 2530 652 2572 c.
679 2512 735 2591 12,
756 2513 807 2577 26.
828 2507 918 2596 (ἀλλ’
942 2517 1059 2598 ἐκείνης
1079 2525 1140 2602 μὲν

67 2621 123 2699 τῆς
144 2613 265 2689 πόλεως
285 2608 563 2698 ἁπεκρούσθνγσαν
572 2619 596 2691 ).
618 2615 704 2679 Fecit
718 2615 776 2679 hoc
790 2615 935 2701 imprimis
949 2620 1069 2684 Claudii
1080 2622 1139 2687 im-

71 2718 217 2809 peraturis
242 2719 391 2784 adventus
417 2740 509 2804 supra
534 2732 681 2782 narratus.
714 2717 877 2784 'Postremo'
898 2744 953 2785 neo
973 2724 1031 2788 hoc
1050 2749 1140 2811 prae.

70 2825 298 2906 ermitteudurn,
334 2837 489 2911 utramque
518 2819 688 2904 civitatem,
723 2822 974 2895 Thessalonicam
1005 2830 1139 2893 Cassan.

70 2927 234 3013 driamque,
257 2931 267 2988 ll
285 2941 422 2993 monente
438 2925 552 2992 Zosimi
573 2939 726 3008 contextu,
747 2950 807 2992 uon
826 2921 867 2993 ab
886 2929 1000 3013 ingenti
1022 2935 1138 3000 Gotho·
1152 2937 1195 3002 30
1261 3007 1263 3014 ,

71 3055 132 3096 rum
151 3033 207 3099 illo
227 3033 379 3114 exercitu,
401 3032 451 3118 qui
471 3031 625 3098 eMoesia
645 3031 847 3114 adventabat,
870 3051 1070 3121 oppugnatam
1093 3040 1141 3104 vi-

71 3135 132 3202 deri
152 3133 201 3220 (ei
220 3136 298 3202 enim
319 3137 374 3202 vix
395 3136 609 3217 restitissent),
631 3135 685 3200 sed
706 3157 725 3200 a
744 3135 816 3202 aclis
839 3161 941 3203 eorum
962 3141 1124 3208 classiariis
1131 3169 1141 3226 3

70 3264 140 3324 quos
160 3243 263 3308 audito
283 3247 486 3308 Romanorum
512 3242 643 3306 adventu
670 3240 801 3326 aliquam
834 3265 955 3308 suorum
975 3263 1088 3330 partem
1110 3247 1143 3313 iu

72 3347 252 3432 superiorem
266 3347 486 3426 Macedoniam,
507 3345 560 3411 ubi
580 3360 735 3412 terrestres
754 3347 943 3434 popularium
963 3350 1067 3437 copiae
1085 3375 1143 3418 ex-

73 3453 296 3536 spectabantur,
320 3451 438 3517 misisse
458 3449 610 3516 existimo.

150 3631 300 3718 Tempore
323 3627 402 3692 inter
421 3631 462 3692 D.
483 3627 608 3692 Paulum
636 3639 665 3691 et
685 3630 720 3693 S.
742 3627 926 3714 Demetrium
945 3628 1141 3711 intermedio,

72 3731 93 3798 i.
109 3757 135 3800 e.
157 3733 269 3798 seculis
289 3747 424 3817 quartum
441 3731 556 3798 Christi
576 3731 830 3814 antecedentibus,
853 3731 904 3818 qui
924 3747 1019 3797 status
1038 3755 1141 3797 sacro-

74 3859 134 3900 rum
159 3829 326 3903 noct'rcrum
352 3837 432 3926 apud
455 3837 639 3904 Macedonas
654 3837 776 3919 ¹suerit,
812 3838 965 3903 doctorum
993 3833 1167 3904 πεποίηται’

74 3941 146 4008 scire
164 3957 255 4031 puto;
283 3943 373 4009 immo
394 3963 450 4009 neu
469 3943 635 4027 quaesitum
653 3939 757 4016 αἰτίαν.
806 3939 948 4025 Mihique
969 3939 1048 4028 ipsi,
1077 3965 1140 4013 nou
1247 4030 1249 4033 7
