2824 4770
255 433 321 485 xx
639 399 959 477 eaoneoomnnn.·'

256 577 355 662 ota
371 581 468 664 τηεμ).
508 575 623 643 Eadem
640 575 701 642 ¹fuit
719 573 918 642 Macedoniae
938 573 1087 658 conditio,
1113 575 1198 660 cujus
1218 589 1336 664 partem

253 687 319 772 jam
334 671 397 748 tum
411 682 575 748 Thermam
595 680 700 762 inisse,
720 682 752 747 in
771 695 854 747 tanto
874 695 1008 746 veterum
1025 680 1146 745 silentio
1162 703 1220 766 ego
1236 705 1338 766 nequa

258 784 488 867 affirmaverim,
510 808 607 871 neque
623 785 814 871 negaverim
835 784 973 871 quamvis
992 789 1125 850 Joannes
1145 785 1336 867 conueniente,

259 890 354 960 secoli
372 904 441 978 post
461 890 614 956 Christum
634 905 735 955 natum
754 888 863 954 decimi
882 888 1021 976 scriptor,
1043 887 1074 954 in
1092 889 1200 956 libello
1220 913 1276 956 auo
1299 892 1339 956 de

259 1011 346 1086 capta
364 1018 395 1062 a.
415 994 489 1062 904.
509 1018 563 1082 per
582 999 752 1062 Saracenos
770 992 879 1083 Syriae
897 992 1100 1080 Tripolitanos
1116 993 1339 1059 Thessalonica

257 1102 478 1172 Macedonibus
489 1101 702 1189 temtemporis
711 1098 872 1162 Thermum
885 1097 1041 1181 assignare
1056 1098 1193 1164 videtur:
1215 1098 1339 1186 scripsit

257 1227 358 1278 autem
375 1206 551 1284 Gameniata
571 1203 680 1270 librom
700 1226 786 1268 suum
800 1209 929 1266 exeunte
946 1223 977 1267 a.
990 1202 1065 1268 cnr.
1078 1201 1163 1286 tud,
1183 1204 1236 1268 vel
1254 1203 1340 1268 inee-

259 1311 374 1402 quenti.
415 1315 464 1376 En
479 1309 545 1394 ejus
560 1307 618 1374 viri
633 1307 729 1375 verba
742 1313 785 1387 (c.
796 1307 868 1386 8.)ι
894 1306 940 1374 Τὸ
962 1313 997 1374 δέ
1018 1307 1100 1394 πρὸς
1114 1309 1214 1377 νότον
1234 1309 1339 1376 αὐτοῦ

261 1417 366 1505 (mori)
378 1409 564 1504 μθαμαλόν
588 1411 711 1482 eddon
728 1419 893 1494 παντελῶς
913 1421 970 1483 καὶ
990 1415 1071 1501 πρὸς
1089 1421 1231 1504 πόλεμον
1249 1415 1341 1484 ἀπα-

260 1525 420 1619 ράσκευον
432 1524 630 1605 (moeniorum
643 1528 737 1609 pars).
767 1514 867 1609 Οἶμαι
881 1520 956 1612 μὰρ,
970 1526 1018 1618 τῷ
1029 1527 1191 1611 μηδεμίαν
1204 1519 1341 1615 ἰιμορᾶ-

259 1642 347 1705 σθαι
366 1629 554 1721 προσβολὴν
565 1626 694 1715 βλάβης
710 1634 821 1698 ἐκτοῦ
839 1630 921 1723 πρὸς
939 1630 1132 1716 θάλασσαν,
1154 1633 1173 1702 ὁ
1193 1635 1341 1722 τεχνίτης
1409 1671 1410 1726 3

261 1743 365 1812 πάλαι
384 1749 442 1828 τῆς
461 1739 634 1824 οἰκοδομῆς
652 1742 864 1825 κατημέλησε.
911 1744 1090 1830 Φέρεται
1115 1745 1158 1810 δέ
1184 1768 1247 1820 τις
1269 1749 1339 1809 καὶ
1408 1757 1410 1770 ⁴

260 1848 442 1927 παλαιός
463 1845 603 1931 λόγος,
630 1851 771 1934 μέχρις
796 1844 907 1934 ἡμῶν
934 1849 1127 1944 φθάσας,
1154 1846 1197 1929 ὡς
1218 1849 1340 1938 dreigo·

261 1984 340 2038 στος
360 1949 401 2045 ἦν
421 1956 454 2039 ἐξ
475 1955 597 2021 ἐκείνου
616 1955 676 2022 τοῦ
694 1954 845 2045 Ιμέρουςὴ
865 1955 956 2037 πόλις
973 1958 1113 2048 χρόνους
1129 1959 1286 2047 πολλοὺς,
1313 1967 1342 2030 et

259 2068 305 2159 μὴ
328 2073 375 2162 epi
393 2070 455 2133 δέει
471 2065 550 2132 ποτὲ
568 2061 628 2129 τοῦ
649 2059 777 2145 Μήδων
794 2059 933 2152 Ξέρξου,
961 2067 1089 2151 πλωτὴν
1105 2070 1167 2156 γῆν
1187 2093 1342 2152 τεκτηνα-

260 2185 375 2268 μένου,
395 2176 450 2241 καὶ
467 2163 554 2238 κατόν
575 2169 632 2256 τῆς
647 2165 802 2254 Ἑλλάδος
819 2173 1169 2260 στρατοπεδεύσαντος,
1190 2182 1248 2244 καὶ
1262 2183 1343 2245 πολ-

260 2282 322 2374 λὴν
336 2278 473 2364 πληθόν
486 2281 731 2370 ἐπιφερομένου,
745 2278 763 2349 ὁ
778 2279 1017 2369 τῶνῬωμαιύν
1031 2281 1073 2352 τό
1087 2292 1239 2375 σκῆπτρα
1254 2285 1343 2355 κιττοὶ

254 2395 404 2469 ’ἐκείνους
429 2378 505 2467 τόός
525 2385 659 2475 καιροός
680 2385 822 2474 ἰθύνων,
847 2388 964 2482 μικρόν
987 2398 1138 2460 τινακαὶ
1161 2395 1205 2472 ὠς
1227 2395 1262 2462 ἐκ
1284 2397 1344 2464 τοῦ

261 2493 510 2590 παρατυχόντος
530 2495 688 2587 φραγμὸν
710 2499 756 2584 τῷ
773 2501 848 2582 τῆδε
865 2505 1036 2588 παρέθηκε
1054 2509 1152 2591 μέρει.
1190 2497 1278 2598 Ἀφ’
1294 2497 1344 2572 οὗ

263 2612 309 2696 δὴ
335 2604 488 2698 χρόνον
517 2609 585 2673 καὶ
614 2613 735 2692 μέχρι
766 2609 835 2673 τοῦ
863 2608 983 2696 δεῦρο
1013 2609 1057 2677 τό
1084 2609 1185 2678 αὐτὸ
1214 2614 1342 2681 τοῦτο

263 2721 581 2805 διαμεμένηκεν,
609 2712 763 2782 οὐδέποτε
783 2721 841 2802 τῆς
863 2716 989 2784 ἐκεῖθεν
1006 2718 1152 2806 βλάβης,
1181 2715 1224 2798 ὡς
1245 2716 1342 2804 ᾤετο,

212 2843 254 2910 14
264 2832 319 2896 καὶ
340 2828 374 2892 ἐν
391 2818 532 2910 ὑπονοίᾳ
556 2825 643 2889 τισὶν
661 2823 826 2907 ἐσομένης.
848 2836 858 2896 n
889 2821 1119 2890 Observandum
1141 2825 1258 2891 dehoc
1279 2831 1343 2894 (Ja-

262 2932 410 3002 meniataa
429 2932 513 3012 loco,
542 2933 745 2994 Romanorum
770 2926 976 3014 imperatorem
996 2950 1014 2994 e
1033 2928 1229 3014 posteriorum
1250 2956 1344 2999 seusu

263 3036 442 3122 dicendique
462 3056 518 3098 usu
538 3036 685 3100 Graccum
704 3029 799 3096 foisse
819 3043 861 3105 (o.
882 3033 1080 3099 Macedonem
1106 3056 1133 3100 a.
1161 3057 1263 3122 regern
1291 3062 1344 3104 ur-

262 3144 312 3210 bis
331 3137 599 3229 ipsiusigdeinde
625 3151 710 3224 parte
730 3135 812 3205 urbia
834 3135 1023 3202 meridionali
1044 3162 1101 3204 non
1122 3155 1239 3226 portum
1259 3141 1345 3226 ejus·

231 3306 233 3316 ,
264 3273 323 3338 qne
342 3247 414 3312 litus
433 3241 579 3332 spectari,
600 3244 655 3306 sed
674 3241 752 3306 latua
772 3242 855 3306 urbis
875 3264 948 3307 vere
970 3241 1180 3326 meridionoie,
1201 3245 1283 3330 quod
1302 3247 1344 3311 ad

265 3351 462 3422 Chalcidicen
487 3349 671 3436 pelagusque
700 3352 853 3432 Aegaeum
874 3349 992 3434 vergit,
1021 3349 1091 3416 coll.
1112 3347 1172 3429 iis,
1204 3353 1343 3435 quaeda

265 3452 457 3524 munimentis
474 3451 557 3520 orbis
570 3473 602 3539 p.
617 3451 789 3516 176-200.
806 3453 940 3548 narravi.
976 3457 1115 3522 Ceterum
1130 3455 1228 3532 claris
1238 3458 1345 3525 verbis

265 3576 370 3631 auctor
388 3556 568 3628 narrationis
588 3553 737 3644 perhibet,
759 3554 798 3620 ad
818 3579 905 3622 saum
925 3580 1019 3644 usque
1039 3541 1156 3648 tempus
1174 3559 1286 3629 sannam
1308 3566 1348 3630 de

266 3666 387 3758 aggeris
406 3666 489 3730 illios
509 3675 612 3726 contra
632 3661 768 3724 Xerxem
790 3659 863 3762 facti
882 3663 1084 3730 exstructione
1104 3665 1242 3733 durasoe.

279 3849 282 3855 ’
343 3823 430 3892 Darii
452 3819 628 3905 Xerxisque
648 3841 725 3886 aevo
746 3820 878 3886 Therma
892 3819 1142 3906 (Thessalonica)
1171 3849 1240 3892 num
1262 3829 1346 3894 libe-

301 3961 318 4002 a
342 3928 521 4000 conditionis
549 3924 655 4007 faerit,
684 3947 723 3988 ao
743 3925 962 3992 Macedonibus
984 3928 1048 4011 jam
1073 3930 1224 4014 paruerit,
1257 3959 1346 3999 nemo

266 4039 357 4108 accde
375 4038 408 4102 in
426 4049 510 4101 tanta
523 4028 792 4098 ⁴itiacc'donicarurn
815 4027 1024 4118 antiquitatum
1042 4031 1226 4136 obscuritate
1246 4061 1347 4128 expu-
