2824 4770
235 423 313 480 xlv
617 430 927 480 Paonuuonssana.

319 575 477 669 l‘ergintus¹
496 577 537 645 ad
556 579 635 646 alios
655 578 740 644 urhis
760 577 903 660 incolas,¹
926 575 999 644 licet
1016 597 1076 641 non
1096 573 1187 661 plano
1208 562 1334 644 cisium·
1397 567 1398 586 ¹

230 686 302 770 jure
332 705 388 772 per
406 679 545 748 medium
580 703 690 748 nerum
723 683 874 770 quandam
907 680 993 747 urhis
1024 693 1140 770 partem
1169 694 1319 750 tenentes.

236 793 315 854 Sunt
342 785 376 853 hi
403 799 585 853 mercatores
605 788 724 872 italici,
752 806 878 874 quotum
897 807 965 851 enm
985 784 1110 852 Graecis
1125 785 1219 850 istius
1240 800 1320 851 tem·

236 893 319 982 puris
340 891 535 971 commercia,
570 914 613 957 ex
633 891 703 958 aliis
723 890 918 979 scriptoribus
939 903 1010 957 nota
1030 891 1222 973 (Cinnamus
1242 891 1318 957 hist.

158 1005 164 1018 ’
236 999 321 1064 libro
342 999 379 1082 6,
399 999 452 1063 10.
472 1019 505 1084 ρ.
521 997 594 1062 282.
615 997 665 1061 ed.
681 1001 811 1079 Bona),
832 995 986 1081 aliquanto
1007 1017 1085 1060 nunc
1105 994 1227 1082 planius
1247 995 1321 1060 illus

238 1104 352 1172 straho.
392 1105 442 1168 Ac
471 1101 598 1188 primum
626 1101 746 1186 quidem
776 1122 917 1166 numerus
946 1122 1069 1183 eurum,
1101 1101 1153 1186 qui
1173 1102 1321 1171 conner-

203 1222 341 1287 9norum
369 1228 447 1274 aevo
473 1208 599 1290 Peram,
627 1200 928 1292 constantinopoleos
952 1218 1090 1292 partem,
1120 1204 1321 1308 habitavere,

240 1337 321 1382 nunc
338 1313 474 1402 patefiet.
514 1313 614 1376 Fuere
633 1310 762 1396 amplius
782 1310 942 1394 sexaginta
961 1308 1068 1393 millia,
1090 1333 1181 1396 quum
1198 1312 1320 1376 Andro·

237 1420 323 1485 nicus
343 1419 531 1498 comnenus,
558 1413 715 1501 imperium
735 1413 900 1496 affectans,
929 1435 1070 1498 magnum
1090 1437 1213 1499 eorum,
1234 1403 1318 1488 scili-

184 1540 186 1546 ’
238 1538 286 1590 cet
306 1521 409 1588 Alexii
434 1521 602 1601 sociorum,
632 1515 783 1602 stragem,
812 1518 961 1584 funestam
986 1518 1116 1604 imperio
1136 1522 1321 1586 Gmccorurn

237 1628 387 1708 futuram,
418 1648 449 1692 a.
475 1648 508 1711 p.
533 1623 608 1690 cnr.
629 1623 711 1688 1182
730 1623 845 1689 ederet·
898 1621 983 1688 Vide
1007 1625 1320 1692 Eustathii·'l'hessa·

238 1731 402 1798 lunicensis
430 1729 630 1796 narrationem
665 1728 704 1792 de
735 1742 823 1813 capta
849 1749 868 1793 a
892 1725 1072 1794 Narmannis
1099 1729 1321 1797 Thessalonica

98 1869 103 1882 o
238 1858 305 1924 cap.
316 1835 415 1920 28sq.
430 1838 576 1922 (Opascc.
588 1855 620 1920 p.
629 1832 701 1914 275,
712 1832 754 1897 29
765 1837 861 1918 ηερ).
887 1831 1074 1898 Habitahant
1092 1831 1137 1900 ihi
1155 1835 1319 1918 burgerie-

237 1967 308 2009 rsuro
319 1938 510 2024 (bourgeois)
524 1937 655 2019 nomine,
677 1936 757 2021 quod
768 1937 822 2020 jus
840 1957 941 2001 eorum
956 1957 1015 2001 non
1028 1936 1149 2024 plenum
1164 1937 1321 2023 siguificat

239 2047 419 2129 (Cinnamus
440 2045 463 2109 l.
478 2065 506 2109 c.
537 2045 587 2106 Du
609 2041 707 2126 (lang.
727 2041 760 2107 in
781 2038 945 2107 Glossariis
964 2064 991 2108 s.
1009 2045 1073 2123 r.).
1113 2048 1239 2130 lamque
1254 2045 1321 2110 sin·

238 2151 374 2238 gaietem
406 2159 603 2214 mercatorum
634 2160 866 2229 extraneorum,
910 2156 942 2210 et
971 2144 1092 2230 quidem
1122 2149 1317 2232 italicorum,

234 2259 368 2322 classem
398 2249 636 2319 Thessalonicae
669 2273 787 2336 quoque
816 2243 932 2334 foisse,
975 2250 1081 2316 audem
1113 2253 1235 2318 nomine
1270 2253 1320 2320 in·

238 2361 374 2447 signem,
395 2357 507 2425 nemini
527 2355 648 2442 quidem
669 2355 792 2420 duhinm
812 2378 881 2420 esse
900 2367 1038 2440 poterat,
1057 2370 1245 2422 mercaturae
1266 2381 1321 2445 per

238 2465 368 2531 medium
396 2485 505 2528 aarum
530 2459 683 2526 exercitae
708 2484 767 2525 nun
794 2460 886 2547 plane
904 2459 1028 2544 ignur03
1058 2460 1113 2526 ssd
1134 2461 1319 2527 deficiebant

236 2567 382 2635 historica
408 2566 454 2633 rei
479 2564 662 2633 testimonis.
712 2569 780 2628 Hoc
799 2586 919 2649 quoque
939 2563 1044 2630 eadam
1065 2565 1217 2632 Ernststhii
1244 2588 1317 2631 nar·

236 2675 312 2742 ratio
328 2671 428 2761 prodit
444 2674 468 2738 1.
481 2693 509 2738 c.
524 2692 581 2755 cap
602 2671 654 2734 72.
669 2692 700 2756 ρ.
709 2669 782 2750 290,
793 2670 865 2750 aa,
887 2668 966 2734 unde
986 2667 1076 2734 simul
1096 2684 1211 2755 partem
1233 2669 1318 2737 urhis

235 2780 435 2865 singularem,
462 2778 549 2842 relat
574 2771 755 2857 hodiedum,
782 2773 854 2839 illus
879 2772 1012 2838 tenuisse
1037 2773 1210 2859 intelliges,
1242 2775 1314 2842 coll.

235 2884 291 2967 iis,
321 2903 399 2967 quaa
426 2879 458 2946 in
486 2892 572 2965 parte
599 2874 819 2944 dissertationis
845 2877 1049 2965 geographica
1077 2879 1117 2945 de
1142 2878 1201 2945 isto
1230 2879 1316 2946 urbis

235 2987 305 3053 vico
325 2984 519 3074 exposuimus
540 2982 588 3071 (p.
605 2981 667 3047 108
685 2991 764 3068 sp).
804 2983 888 3049 llicit
911 2981 992 3048 enirn
1011 2969 1199 3073 metropolita
1220 2983 1243 3050 1.
1265 3007 1315 3050 c.=

234 3091 288 3161 Ἐκ
314 3093 373 3159 τοῦ
401 3090 488 3158 κατὰ
517 3090 595 3168 τοὺς
621 3095 899 3178 βυυργυσίους
927 3089 1065 3176 πύργου.
1103 3093 1210 3159 Alium
1231 3093 1316 3178 ejus·

236 3201 305 3266 dem
324 3200 424 3263 lacurn
446 3197 484 3262 de
506 3196 555 3262 his
575 3195 694 3262 Latinis
714 3197 868 3284 inquilinis
888 3221 921 3264 r.
941 3197 1031 3265 inira.

315 3307 517 3370 Mercatcrum
544 3302 628 3389 genti
653 3303 742 3367 mado
767 3319 949 3369 memoratae
975 3306 1101 3370 accedat
1124 3302 1227 3387 aliud,
1263 3309 1319 3370 ln·

236 3409 398 3489 dacorum,
426 3409 573 3494 inquum3
605 3407 714 3472 deinde
742 3407 962 3475 Armeniorum.
1015 3413 1055 3475 Et
1086 3408 1156 3475 illos
1180 3408 1319 3494 ‘quidem

236 3515 338 3583 seculo
373 3514 469 3602 primo
506 3527 575 3602 post
610 3516 802 3579 Servatcrem
844 3527 946 3578 natum
983 3514 1063 3579 intra
1098 3495 1180 3580 urhis
1215 3516 1319 3580 Thes·
1401 3535 1402 3576 i

236 3621 389 3687 salonicae
418 3620 535 3686 moenia
564 3641 688 3685 nurnero
713 3617 794 3683 haud
822 3617 935 3701 exigua
961 3619 1132 3700 habitasse,
1169 3640 1318 3704 samaqne

235 3747 291 3791 sua
311 3722 342 3791 in
363 3745 522 3814 synagoga
545 3723 657 3791 ibidem
677 3735 814 3787 extructa
834 3721 1024 3810 exercuisse,
1052 3728 1094 3789 1).
1115 3726 1217 3788 Lucae
1238 3727 1318 3790 Acta
1384 3805 1387 3816 ι

235 3825 450 3915 Apostolorum
477 3851 545 3916 cap.
572 3831 628 3910 17,
658 3828 688 3892 l.
717 3828 768 3892 17.
797 3826 924 3907 ducent3
958 3825 1010 3912 qui
1037 3826 1116 3893 liher
1145 3829 1217 3910 (16,
1245 3829 1313 3900 13.)

235 3932 313 3999 alios
343 3934 445 4000 itidem
472 3935 604 3999 ludaeos
630 3929 663 3994 in
693 3928 929 4017 Philippensium
958 3931 1034 3996 urhe
1062 3932 1213 3998 domicilia
1244 3955 1314 3996 curn

236 4038 382 4109 aediculis
401 4037 508 4124 sacris,
528 4051 730 4108 extramuros
746 4033 864 4124 positis,
885 4035 1029 4106 hahuisse
1044 4051 1181 4105 testator.
1213 4036 1317 4103 Thas-
